2394 4328
136 353 156 411 8
422 369 451 410 c.
470 365 647 410 coenamus
669 366 804 410 'merrus

175 501 266 562 XIII.
288 500 374 559 Nihil
398 512 499 558 autem
520 518 618 575 neque
633 499 763 579 publicae
780 519 877 576 neque
894 499 1018 579 privatae
1039 504 1093 576 rei,

136 599 192 657 nisi
209 598 312 656 armati
330 609 431 674 agunt.
471 594 533 654 Sed
552 615 635 652 arma
655 615 774 653 sumere
791 615 850 653 nou
868 610 936 654 ante
953 598 1094 672 cuiquam

135 695 238 764 moris,
249 713 339 771 quam
352 692 454 750 civitas
469 691 662 750 suffecturum
672 690 852 768 probaverit.
895 691 974 750 Tum
985 692 1016 751 in
1027 693 1095 772 ipso

136 790 269 859 consilio,
284 790 332 847 vel
345 788 514 867 principum
532 786 648 865 aliquis,
662 788 709 844 vel
723 799 819 865 pater,
832 788 881 845 vel
896 787 1093 867 propinquus,

136 898 219 943 scuto
235 885 405 961 frameaque
417 884 563 962 juvenem
583 895 694 940 ornant.
736 882 813 941 Haec
830 882 909 961 apud
927 882 994 942 illos
1012 897 1093 962 toga,

135 980 184 1039 bic
197 980 312 1058 primus
322 982 454 1058 juventae
465 979 576 1046 bonos:
599 991 666 1036 ante
679 978 735 1036 hoc
746 977 853 1037 domus
864 999 933 1058 pars
943 978 1092 1052 videntur,

136 1096 206 1134 mox
226 1070 409 1155 reipublicae.
450 1074 580 1152 Insignis
600 1074 750 1144 nobilitas,
772 1087 823 1133 aut
843 1095 952 1152 magna
972 1088 1093 1155 patrum

135 1172 250 1242 merita,
273 1172 416 1251 principis
439 1171 641 1250 dignationem
666 1171 757 1229 etiam
784 1170 1015 1229 adolescentulis
1041 1171 1091 1230 ad-

135 1268 272 1346 signant:
294 1267 403 1328 ceteris
416 1267 632 1326 robustioribus
647 1287 681 1325 ac
689 1267 752 1345 jam
766 1266 885 1345 pridem
896 1267 1027 1345 probatis
1042 1268 1092 1325 ad·

135 1377 322 1443 greganturt
352 1382 410 1427 nec
441 1363 540 1432 rubor,
559 1363 637 1420 inter
658 1363 782 1421 comites
806 1361 930 1441 adspici.
971 1362 1092 1421 Gradus

135 1460 206 1536 quin
228 1462 319 1519 etiam
342 1472 372 1517 et
396 1460 460 1539 ipse
483 1459 639 1518 comitatus
660 1460 760 1528 habet,
775 1457 890 1536 judicio
910 1458 984 1537 ejus,
1003 1479 1092 1536 quern

135 1568 300 1614 sectantur:
317 1575 486 1632 magnaque
494 1567 524 1612 et
535 1555 678 1612 comitum
689 1555 850 1625 aemulatio‚
860 1556 968 1632 quibus
977 1555 1092 1632 primus

136 1649 218 1727 apud
229 1650 395 1728 principem
408 1670 495 1707 suum
509 1651 610 1721 locus;
633 1662 663 1707 et
677 1650 855 1729 principum,
869 1651 917 1708 cui
932 1651 1052 1729 plurimi
1063 1664 1094 1708 et

136 1745 271 1803 acerrimi
283 1747 415 1804 comites,
456 1746 535 1805 Haec
546 1747 682 1825 dignitas,
694 1749 740 1805 hae
750 1748 837 1816 vires,
849 1768 958 1826 magno
973 1767 1094 1825 semper

136 1842 298 1899 electorum
317 1843 464 1919 juvenum
485 1843 575 1921 globo
598 1843 784 1912 circumdari,
799 1842 829 1900 in
851 1864 927 1921 pace
947 1843 1047 1913 decus,
1062 1843 1093 1901 iu
1152 1878 1157 1887 .
1192 1921 1195 1926 ‚

136 1937 215 1995 bello
236 1938 416 2016 praesidium.
457 1939 525 1997 Nec
545 1941 642 1997 solum
663 1939 693 1996 in
715 1959 769 1997 sua
791 1953 879 2017 gente
901 1939 1019 2016 cuique,
1038 1939 1093 1997 sed

137 2033 214 2112 apud
230 2034 368 2093 finitimas
382 2055 500 2112 quoque
514 2035 646 2093 ciuitates
661 2035 693 2092 id
706 2055 823 2104 nomen,
839 2055 875 2093 ea
892 2035 986 2113 gloria
1000 2048 1054 2104 est,
1068 2034 1093 2092 si

135 2144 261 2188 numero
282 2151 316 2189 ac
336 2131 444 2189 virtute
465 2131 621 2189 comitatus
642 2130 788 2190 emineat:
810 2143 992 2209 expetuntur
1013 2130 1093 2188 enim

135 2227 344 2304 legationibus,
363 2240 394 2285 et
414 2227 588 2286 muneribus
609 2240 758 2297 ornantur,
776 2240 807 2286 et
828 2228 896 2307 ipsa
914 2229 1093 2306 plerumque

135 2321 215 2380 fama
228 2322 308 2381 bella
320 2323 490 2401 profligant.
750 2400 755 2407 ..

175 2417 265 2475 XIV.
290 2418 369 2475 Cum
392 2416 513 2476 ventum
535 2419 566 2476 in
589 2418 694 2489 aciem,
716 2431 804 2497 turpe
826 2417 953 2497 principi
983 2418 1093 2477 virtute

136 2510 223 2579 vinci,
238 2524 325 2588 turpe
348 2513 501 2572 comitatui
523 2514 663 2573 virtutem
680 2514 824 2594 principis
844 2536 905 2575 nou
926 2515 1093 2593 adaequare.

136 2607 157 2664 J
160 2627 207 2664 am
218 2626 288 2664 vero
302 2606 412 2666 infame
426 2608 457 2665 in
468 2629 590 2666 omnem
600 2610 691 2668 vitam
706 2631 740 2669 ac
752 2612 938 2690 probrosum,
950 2611 1093 2690 supersti-

136 2714 197 2758 tem
217 2701 344 2780 principi
366 2724 421 2760 suo
444 2724 482 2762 ex
506 2704 570 2763 acie
592 2706 761 2765 recessisse.
803 2707 894 2765 Illum
916 2707 1092 2777 defendere,

137 2796 223 2866 tueri,
238 2817 293 2855 sua
310 2818 429 2876 quoque
442 2799 529 2857 fortia
542 2800 618 2860 facta
634 2802 736 2879 gloriae
753 2802 817 2882 ejus
835 2803 1002 2880 adsignare,
1016 2823 1092 2882 prae·

137 2892 546 2971 cipuumsacrameatumest.
581 2897 739 2976 Principes
749 2920 803 2977 pro
811 2899 934 2957 victoria
942 2913 1091 2978 puguant3

136 2989 259 3048 comites
275 3010 331 3068 pro
348 2991 493 3070 principe.
533 2993 567 3050 Si
585 2994 695 3065 civitas,
711 2994 741 3053 iu
759 3016 817 3072 qua
834 2995 890 3053 orti
907 3008 985 3063 sunt,
1003 2995 1092 3073 longa

28 3123 39 3141 .
136 3106 211 3165 pace
233 3100 265 3145 et
287 3087 348 3146 otio
369 3100 488 3166 torpeat
495 3111 503 3159 ;
531 3088 666 3168 plerique
688 3091 832 3149 nobilium
856 3091 1092 3149 adolescentium

67 3240 71 3245 .
135 3196 241 3260 petunt
252 3185 330 3242 ultro
341 3205 392 3242 eas
403 3183 545 3256 nationes,
557 3207 624 3263 quae
635 3200 699 3244 tum
709 3186 825 3245 bellum
837 3185 957 3264 aliquod
968 3199 1091 3264 gerunt;
1152 3187 1158 3198 '

135 3279 207 3356 quia
223 3294 253 3338 et
269 3279 385 3358 ingrata
400 3281 481 3360 genti
498 3282 593 3359 quies,
608 3297 639 3340 et
652 3282 768 3341 facilius
782 3282 862 3340 iuter
876 3282 1015 3360 ancipitia
1033 3283 1092 3342 cla-

135 3388 261 3443 rescant,
277 3396 476 3455 magnumque
492 3378 664 3436 comitatum
679 3399 736 3436 non
751 3379 809 3438 nisi
826 3380 856 3438 vi
873 3381 1013 3456 belloque
1029 3392 1092 3437 tue-

137 3487 196 3526 are.
237 3470 374 3548 Exigunt
384 3474 464 3532 enim
473 3476 616 3554 principis
628 3476 674 3533 sui
684 3475 862 3535 liberalitate
874 3477 959 3535 illum
968 3477 1093 3536 bellato-

135 3582 200 3620 rem
211 3584 330 3642 equum,
341 3568 423 3627 illam
434 3583 588 3628 cruentam
598 3571 812 3650 victricemque
822 3561 976 3630 frameam.
1011 3572 1093 3631 Nam

136 3660 243 3735 epulae,
258 3672 288 3719 et
302 3664 460 3735 convictus,
476 3660 654 3745 quamquam
669 3658 802 3738 incomti,
835 3669 911 3747 largi
925 3657 1025 3727 tamen
1040 3653 1093 3748 ap·

135 3766 266 3833 paratus,
277 3777 333 3835 pro
346 3759 494 3839 stipendio
508 3762 628 3822 cedunt.
664 3763 793 3823 Materia
802 3763 1025 3824 munificientIae
1034 3784 1092 3844 per
