2394 4328
123 354 166 413 80
409 368 436 407 c.
456 366 631 407 coenemus
654 367 796 408 ruamus.

161 499 216 557 IV.
246 499 355 556 Cnaeus
380 497 481 555 Julius
502 498 656 573 Agricola,
676 508 777 553 vetere
799 508 830 553 et
854 496 960 553 illustri
983 494 1076 554 Foro·

121 594 296 673 juliensium
318 592 434 650 colonia
456 605 545 660 ortus,
564 604 723 666 utrumque
745 611 832 648 avum
853 604 1076 668 procuratorem

121 689 273 747 (laesarum
281 687 394 757 habuit,
404 708 470 763 quae
480 687 625 762 equestris
635 686 769 743 nobilitas
778 699 831 744 est.
873 686 965 744 Pater
975 687 1076 745 Julius

121 786 278 844 Graecinus
300 784 439 843 senatorii
456 783 579 851 ordinis,
594 782 692 838 studio
711 783 890 858 eloquentiae
911 783 1076 859 sapientiae·

121 901 180 958 que
200 894 295 947 notus,
318 879 412 955 iisque
433 878 589 934 virtutibus
610 877 684 933 iram
702 877 770 934 Caii
788 877 914 934 Caesaris
937 877 1075 934 meritus:

121 994 250 1052 namque
274 975 316 1032 M.
335 974 468 1031 Silanum
491 992 633 1029 accusare
650 973 753 1049 jussus
776 985 815 1040 ct,
834 972 903 1046 quia
924 973 1076 1040 abnuerat,

122 1070 296 1128 interfectus
311 1082 364 1127 est.
407 1068 508 1125 Mater
518 1068 539 1124 J
541 1067 601 1123 ulia
613 1067 743 1124 Procilla
756 1067 819 1135 fuit,
831 1086 905 1123 rarae
917 1067 1074 1123 castitatis:

121 1165 151 1222 in
166 1166 255 1242 hujus
269 1165 335 1221 sinu
350 1162 591 1239 indulgentiaque
606 1162 758 1229 educatus,
770 1182 826 1239 per
839 1182 957 1218 omnem
972 1164 1075 1219 hones-

121 1271 219 1316 tarum
234 1258 341 1314 artium
357 1258 468 1313 cultum
484 1256 641 1334 pueritiam
660 1256 952 1332 adolescentiamque
966 1269 1076 1314 transe-

120 1353 171 1431 git.
213 1354 346 1410 Arcebat
360 1372 430 1409 eum
446 1353 482 1408 ab
494 1348 642 1408 illecebris
657 1352 852 1428 peccantium,
865 1364 973 1428 praeter
984 1351 1076 1428 ipsius

122 1449 231 1506 bonam
241 1448 450 1524 integramque
464 1461 610 1513 naturam,
620 1446 699 1521 quod
714 1446 809 1503 statim
821 1447 963 1523 parvulus
973 1445 1076 1502 sedem

123 1562 158 1600 ac
167 1542 338 1619 magistram
347 1542 513 1599 studiorum
523 1541 850 1609 Massiliambabuerat‚
859 1541 958 1597 locum
967 1539 1077 1597 Graeca

121 1640 260 1698 comitate
278 1653 308 1696 et
325 1638 498 1716 provinciali
512 1637 692 1715 parsimonia
709 1636 835 1693 mixtum
854 1655 889 1693 ac
903 1635 980 1692 bene
998 1655 1075 1691 com·

120 1735 258 1813 positum.
305 1733 453 1791 Memoria
473 1745 570 1800 teneo,
589 1731 708 1788 solitum
729 1732 829 1808 ipsum
848 1750 978 1800 narrare,
995 1751 1024 1787 ac
1043 1731 1076 1787 in

120 1831 221 1905 prima
227 1829 349 1905 juvente
363 1827 490 1884 studium
498 1826 692 1902 philosophie
703 1828 808 1895 acrius,
818 1826 896 1883 oltra
909 1847 998 1902 quam
1012 1847 1075 1884 con·

120 1945 226 1982 cessum
240 1924 375 1982 liemaro
392 1943 427 1979 cc
446 1923 580 1990 senatori,
594 1923 732 1990 hausisse,
746 1923 778 1978 nc'
792 1923 953 1997 prudmtia
973 1923 1076 1978 matris

119 2020 262 2077 incertum
276 2019 500 2094 ecflagreatem
514 2018 643 2075 animum
654 2018 823 2074 coercuisset.
870 2016 992 2074 Scilicet
1006 2017 1074 2074 sub-

119 2114 190 2172 lime
205 2127 235 2172 et
248 2126 383 2171 erectum
397 2113 551 2190 ingenium
563 2112 815 2191 pulchritudinem
826 2132 861 2169 ac
875 2112 1006 2190 speciem
1023 2131 1073 2168 ex-

120 2211 207 2268 celsae
220 2229 399 2286 magnaeque
414 2208 515 2285 gloriae
527 2207 732 2265 vehementius
747 2228 836 2284 quam
850 2219 937 2264 caute
952 2218 1074 2285 appete·

121 2306 181 2363 bat.
224 2305 300 2362 Mox
316 2304 463 2381 mitigavit
478 2304 555 2361 ratio
572 2317 602 2360 et
618 2315 707 2361 aetas:
728 2302 920 2378 retinuitque,
937 2302 1016 2379 quod
1030 2317 1076 2360 est

120 2399 334 2467 difficillimum,
351 2419 390 2455 ex
405 2398 548 2475 sapientia
562 2398 694 2455 modum.

158 2493 197 2549 V.
219 2492 322 2549 Prima
339 2506 503 2550 castrorum
522 2493 692 2551 rudimenta
711 2493 741 2549 in
759 2493 913 2551 Britannia
930 2492 1074 2550 Suetonio

120 2586 257 2656 Paulino,
273 2585 410 2663 diligenti
431 2607 466 2645 ac
486 2587 641 2646 moderato
662 2588 740 2657 duci,
758 2588 942 2667 approbavit,
960 2588 1073 2645 electus

120 2703 210 2761 quem
239 2682 432 2739 contubernio
458 2682 626 2740 aestimaret
681 2684 749 2741 Nec
774 2683 918 2761 Agricola
940 2683 1072 2749 licenter,

121 2798 204 2835 more
221 2779 368 2855 juvenum
390 2776 441 2854 qui
461 2777 595 2836 militiam
614 2778 645 2836 in
666 2779 814 2837 lasciviam
831 2790 957 2847 vertunt,
974 2797 1073 2854 neque

120 2872 253 2951 segniter
266 2871 304 2930 ad
316 2873 485 2950 voluptates
497 2886 526 2931 et
537 2887 722 2932 commeatus
735 2873 855 2932 titulum
869 2874 1032 2931 tribunatus
1044 2885 1074 2928 et

120 2953 267 3027 inscitiam
280 2954 396 3026 retulit:
417 2968 471 3025 sed
482 2989 605 3027 noscere
619 2968 812 3047 provinciam,
824 2969 907 3026 nosci
919 2967 1072 3036 exercitui,

120 3063 234 3123 discere
256 3084 274 3121 a
291 3063 405 3140 peritis,
421 3064 506 3141 sequi
527 3065 666 3142 optimos,
680 3063 754 3120 nihil
771 3076 913 3141 appetere
932 3063 963 3120 in
980 3064 1060 3141 jacta

120 3160 240 3229 tionem,
254 3159 327 3215 nihil
342 3160 380 3216 ob
394 3158 583 3216 formidinem
597 3178 744 3226 recusare,
760 3159 909 3237 simulque
922 3157 1030 3217 anxius
1043 3171 1073 3215 et

120 3255 248 3314 intentus
265 3275 363 3332 agere.
406 3254 477 3312 Non
490 3274 561 3311 sane
580 3254 653 3312 alias
670 3254 861 3312 exercitatior
873 3253 1030 3331 magisque
1043 3253 1074 3309 iu

121 3351 261 3426 ambiguo
279 3349 431 3407 Britannia
453 3349 526 3407 fuit:
549 3349 688 3407 trucidati
710 3349 853 3420 veterani,
875 3348 1004 3407 incensae
1028 3369 1064 3407 co

120 3444 217 3513 ioniae,
232 3444 391 3521 intercepti
408 3445 571 3515 exercitus3
593 3457 657 3501 turn
672 3443 711 3500 de
728 3443 831 3511 salute,
846 3464 916 3501 mox
931 3444 969 3503 de
986 3444 1075 3502 ricto

121 3538 164 3595 ria
178 3552 340 3597 certavere.
380 3539 459 3610 Quae
471 3552 578 3596 cuncta
586 3539 642 3595 etsi
652 3536 782 3595 consiliis
792 3537 945 3617 ductuque
956 3538 1076 3597 alteriue

121 3633 294 3710 agebantur,
309 3652 343 3690 ac
356 3654 471 3691 summa
484 3654 584 3691 rerum
599 3646 628 3690 et
638 3645 823 3710 recuperatas
834 3633 998 3711 provinciae
1012 3634 1074 3712 glo·

119 3730 164 3788 ria
179 3729 209 3785 in
225 3727 333 3786 ducem
351 3730 446 3796 cessit,
465 3742 556 3787 artem
574 3741 605 3786 et
621 3747 706 3786 usum
723 3740 754 3786 et
770 3728 909 3789 cumulos
928 3725 1073 3819 addidero
