2394 4328
116 364 154 423 12
402 377 429 416 o.
449 373 623 415 coenamus
645 369 780 412 rictrus

113 510 197 592 juxta
211 508 390 566 libertatem.
431 503 624 564 Convictibus
642 516 672 560 et
686 496 822 579 hospitiis
839 521 898 559 non
916 499 975 558 alia
995 519 1072 576 gens

113 606 233 666 effusius
248 604 389 682 indulget.
431 601 662 677 Quemcumque
679 598 845 656 mortalium
861 616 964 656 arcere
978 608 1070 667 tecto,

113 702 195 760 nefas
211 701 355 759 habetur:
381 718 436 778 pro
452 697 571 755 fortuna
588 695 714 772 quisque
737 693 885 772 adparatis
902 692 1000 772 epulis
1019 712 1071 750 ex·

114 797 194 875 cipit.
235 796 313 854 Cum
327 795 474 862 defecere,
487 793 538 870 qui
553 791 643 850 modo
653 791 763 869 hospes
774 790 881 859 fuerat,
892 802 1072 847 monstrator

113 892 231 970 hospitii
246 903 276 950 et
290 910 408 950 comes:
429 888 597 968 proximam
612 887 733 944 domum
746 906 805 943 non
820 884 934 944 invitati
948 884 1073 944 adeunt:

114 1008 170 1048 nec
193 988 333 1046 interest:
349 985 415 1064 pari
425 984 607 1043 humanitate
619 982 815 1061 accipiuntur.
855 982 972 1040 Notum
982 981 1069 1059 iguo·

114 1096 246 1160 tumque,
261 1095 403 1161 quantum
425 1080 463 1138 ad
475 1080 527 1159 jus
543 1078 674 1157 hospitii,
689 1098 778 1135 nemo
796 1076 947 1136 discernit.
987 1077 1068 1135 Abe-

114 1179 188 1250 unti,
200 1178 226 1237 si
240 1178 309 1256 quid
321 1176 499 1257 poposcerit,
512 1173 677 1234 concedere
692 1173 800 1231 moris:
823 1186 854 1231 et
866 1172 1010 1251 poscendi
1024 1172 1066 1228 in-

115 1273 209 1332 vicem
220 1273 327 1334 eadem
336 1273 471 1332 facilitas.
506 1269 647 1329 Gaudent
657 1268 848 1328 muneribus:
866 1267 919 1326 sed
931 1289 987 1326 nec
998 1266 1069 1325 data

114 1370 261 1449 inputant,
275 1389 332 1429 nec
348 1368 478 1447 acceptis
495 1367 671 1445 obligantur.
713 1364 819 1423 Victus
840 1365 917 1422 inter
935 1363 1068 1443 hospites

115 1466 218 1524 comis.

118 1629 123 1638 ι
153 1560 258 1619 XXII.
280 1559 387 1618 Statim
399 1579 417 1616 e
429 1578 541 1626 somno,
551 1578 641 1634 quern
652 1557 828 1635 plerumque
844 1556 874 1613 in
883 1554 962 1613 diem
973 1567 1069 1614 extra·

115 1655 197 1725 hunt,
205 1657 348 1731 larpntur,
358 1654 467 1732 saepius
476 1652 579 1722 calida,
588 1666 621 1710 ut
631 1652 710 1730 apud
720 1672 794 1730 quos
803 1651 965 1730 plurimum
975 1652 1070 1709 hiems

116 1763 250 1829 occupat.
291 1749 381 1808 Lauti
400 1749 499 1806 cibum
518 1747 655 1826 capiunt:
676 1761 819 1827 separetae
837 1747 963 1826 singulis
983 1747 1071 1806 sedes

116 1857 145 1904 et
156 1865 211 1904 sue
220 1845 328 1921 cuique
338 1864 448 1902 mensa.
490 1844 569 1901 Tum
580 1843 616 1900 ad
627 1843 755 1920 negotia,
764 1864 820 1901 nec
831 1843 929 1902 minus
940 1863 1021 1922 saepe
1032 1843 1072 1901 ad

116 1940 258 2011 convivia,
269 1939 437 2019 procedunt
451 1939 565 1997 armati.
606 1939 698 1997 Diem
708 1952 886 2016 noctemque
898 1939 1072 1998 continuare

114 2036 255 2117 potando,
264 2037 339 2094 nulli
350 2036 501 2115 probrum.
535 2035 667 2105 Crebrae,
677 2047 709 2092 ut
719 2035 797 2093 iuter
805 2035 978 2104 vinolentos,
987 2035 1071 2105 rixae,

115 2153 183 2191 raro
206 2131 356 2202 conviciis,
378 2130 487 2210 saepius
510 2130 593 2188 caede
616 2143 646 2188 et
667 2131 840 2188 vulneribus
862 2130 1072 2208 transiguntur.

116 2228 178 2288 Sed
190 2227 268 2288 etde
282 2228 512 2287 reconciliandis
523 2227 652 2285 invicem
666 2227 796 2285 inimicis
811 2241 842 2286 et
846 2227 1012 2306 jungendis
1024 2227 1072 2286 ad·

115 2323 275 2382 finitatibus
289 2337 319 2382 et
333 2323 535 2382 adsciscendis
549 2323 742 2402 principibus,
754 2322 792 2381 de
802 2344 879 2402 pace
894 2322 1023 2402 denique
1038 2345 1073 2383 ac

115 2420 204 2488 bello,
218 2421 394 2497 plerumque
409 2419 439 2477 in
455 2418 595 2477 conviviis
612 2421 797 2478 consultant:
818 2432 970 2497 tamquam
989 2420 1073 2479 nullo

117 2513 211 2591 magis
222 2527 355 2590 tempore
367 2527 417 2571 aut
427 2513 464 2572 ad
473 2515 619 2592 simplices
631 2514 826 2593 cogitationes
835 2529 937 2594 pateat
947 2517 1072 2589 animus,

116 2621 167 2667 aut
185 2608 223 2667 ad
239 2627 361 2685 magnas
377 2607 547 2668 incalescat.
589 2610 672 2668 Gens
686 2631 745 2668 non
763 2624 869 2681 astuta,
884 2632 940 2669 nec
956 2611 1072 2682 callida,

117 2705 212 2785 aperit
229 2704 326 2762 adhuc
342 2718 460 2763 secrete
472 2704 601 2784 pectoris
613 2705 735 2765 licentia
743 2705 816 2786 joci.
856 2707 941 2785 Ergo
954 2706 1073 2766 detecta

116 2814 147 2860 et
168 2801 249 2860 nuda
271 2799 403 2858 omnium
424 2821 507 2859 mens
528 2814 646 2880 postera
666 2801 716 2860 die
737 2815 923 2872 retractatur,
938 2815 969 2861 et
991 2804 1073 2862 salva

116 2897 272 2976 utriusque
294 2897 436 2974 temporis
459 2897 537 2955 ratio
559 2911 611 2956 est.
661 2898 846 2968 Deliberant,
867 2897 938 2956 dum
959 2899 1073 2977 fingere

72 3042 76 3053 ,
116 2996 268 3058 nesciunt:
291 2992 481 3065 constituunt,
497 2993 568 3051 dum
583 3013 682 3053 errare
697 3014 757 3051 non
771 3007 904 3074 possunt.

155 3092 278 3151 XXIII.
299 3089 388 3149 Potui
401 3090 510 3148 humor
523 3110 561 3148 ex
572 3089 688 3148 hordeo
702 3103 751 3148 aut
763 3090 922 3161 frumento,
936 3089 967 3147 in
981 3110 1073 3168 quan·

117 3188 187 3246 dam
195 3186 418 3246 similitudinem
427 3184 488 3244 vini
501 3199 668 3277 corruptus.
697 3186 835 3245 Proximi
844 3186 919 3265 ripae
929 3198 959 3244 et
969 3186 1080 3255 vinum.

116 3298 293 3343 mercantur.
334 3281 404 3340 (libi
421 3281 592 3360 simplices3
616 3281 746 3359 agrestia
761 3302 860 3360 poma,
876 3303 983 3340 recens
999 3282 1072 3352 fera,

117 3393 168 3437 aut
181 3381 227 3437 lac
239 3391 419 3437 concretum.
461 3377 534 3435 Sine
550 3376 704 3455 adparatu,
715 3362 1009 3447 sineltlandimentis,
1021 3398 1073 3437 ex-

116 3476 233 3553 pellunt
245 3474 363 3532 famem.
402 3473 556 3532 Adversus
573 3472 653 3531 sitim
667 3494 727 3531 non
746 3473 853 3532 eadem
868 3475 1073 3553 temperantia.

118 3570 151 3627 Si
161 3570 319 3628 indulseris
334 3569 482 3640 ebrietati,
493 3567 682 3647 suggerendo
696 3583 838 3646 quantum
849 3570 1073 3650 concupiscunt,

117 3665 196 3725 haud
211 3666 309 3725 minus
322 3666 411 3724 facile
426 3665 514 3736 vitiis,
528 3684 617 3743 quam
633 3664 730 3734 armis,
745 3665 912 3724 vincentur.

6 3758 43 3829 ζ,
55 3812 72 3823 ,.
157 3761 277 3832 XXIV.
294 3761 398 3819 Genus
408 3762 645 3850 spectaculorum
654 3780 747 3819 unum
758 3773 847 3840 atque
858 3760 888 3820 in
899 3759 981 3820 omni
991 3772 1073 3828 coetu
