2394 4328
140 352 178 410 ts
420 369 446 408 e.
472 368 646 409 cousensus
670 369 804 423 rsctrus

136 501 227 579 idque
239 500 412 580 jucundius,
429 521 517 577 quam
532 501 631 570 tutius,
646 500 719 560 fuit:
742 501 812 578 quin
826 501 901 559 inter
915 502 1094 582 impotentes

136 610 167 655 et
184 597 296 654 validos
315 596 388 653 falso
409 597 560 673 quiescas3
587 596 638 653 ubi
657 617 745 654 manu
767 598 872 676 agitur,
891 600 1037 658 modestia
1059 623 1094 659 ac

135 693 268 773 probitas
282 692 401 749 nomina
414 692 574 770 superioris
589 706 665 750 sunt.
681 760 684 764 ἡ
706 693 763 762 Ite,
775 692 826 770 qui
840 694 912 751 olim
926 695 993 753 boni
1007 675 1093 773 ebui-

136 808 189 865 que
203 788 358 857 Cherusci,
373 808 450 845 nunc
467 788 569 846 inertes
586 809 621 845 ac
641 789 723 845 stulti
739 804 899 849 vocantur:
922 792 1016 849 Cattis
1034 792 1094 850 vic-

135 884 249 942 toribus
266 884 384 942 fortuna
404 884 434 942 in
454 883 631 964 sapientiam
652 885 750 943 cessit.
794 886 895 943 Tracti
916 887 1000 945 ruina
1015 888 1093 946 Che-

135 999 290 1037 ruscorum
305 992 335 1036 et
349 979 431 1047 Fosi,
443 958 626 1038 contermina
641 1001 724 1057 gens,
737 981 929 1039 adversarum
944 1003 1043 1040 rerum
1055 1004 1093 1041 ex

135 1094 223 1152 aequo
237 1074 319 1142 socii,
335 1095 402 1132 cum
417 1075 447 1131 in
461 1075 599 1133 secundis
614 1075 742 1133 minores
756 1075 890 1135 fuissent.

176 1170 344 1228 XXXVII.
366 1169 508 1228 Eundem
525 1170 696 1228 Germaniae
717 1172 816 1229 sinum
833 1173 961 1250 proximi
980 1194 1093 1232 ‹rceeno

138 1265 253 1324 Cimbri
278 1279 390 1335 tenent,
415 1287 507 1343 parve
532 1286 612 1323 nunc
636 1266 750 1336 civitas,
772 1267 823 1324 sed
849 1269 943 1345 gloria
967 1269 1093 1346 ingens:

136 1362 306 1440 veterisque
320 1362 406 1420 famae
422 1364 481 1420 late
496 1363 622 1440 vestigia
636 1375 903 1440 monentiumque
919 1364 986 1442 ripa
999 1379 1096 1423 castra

138 1477 172 1515 ac
193 1458 297 1536 spatia,
313 1479 438 1535 quorum
461 1457 572 1515 ambitu
594 1479 673 1515 nunc
694 1478 813 1534 quoque
835 1459 964 1516 metiaris
986 1460 1094 1534 molem

138 1571 302 1630 manusque
318 1553 413 1630 gentis
428 1566 530 1610 ettam
545 1553 645 1630 magni
656 1553 754 1611 exitus
768 1553 867 1612 fidem.
905 1555 1094 1613 Sexcentesi-

138 1669 219 1705 mum
237 1662 267 1706 et
285 1649 546 1728 quadragesimum
564 1669 672 1706 annum
689 1650 759 1706 urbs
777 1663 875 1707 nostra
896 1652 1010 1728 egebat,
1026 1672 1094 1709 curn

138 1743 267 1820 primum
279 1744 469 1802 Cimbrorum
485 1744 586 1803 audita
599 1759 667 1803 sunt
681 1765 774 1815 arma,
786 1746 909 1804 Caecilio
920 1747 1045 1804 Metello
1060 1768 1096 1805 ac

139 1839 263 1917 Papirio
275 1839 414 1897 Carbone
429 1860 504 1899 coss.
545 1841 665 1921 Exque
679 1841 703 1898 si
719 1840 892 1899 adulterum
906 1842 1096 1920 imperatoris

141 1935 265 2013 Trajani
280 1937 465 1994 consulatum
480 1951 697 2014 computemus,
710 1937 830 1995 ducenti
842 1938 936 1995 ferme
948 1952 978 1995 et
987 1938 1095 1995 decem

140 2032 207 2089 anni
233 2031 422 2110 colliguntur.
469 2032 598 2090 Tamdiu
621 2033 785 2090 Germania
809 2033 945 2090 vincitur.
992 2033 1096 2090 Medio

139 2141 200 2186 tem
215 2128 298 2206 longi
312 2127 368 2186 aevi
382 2128 488 2206 spatio,
498 2129 592 2186 multa
605 2127 733 2185 invicem
748 2127 871 2186 damna:
893 2149 952 2185 non
969 2127 1095 2197 Samnis,

139 2244 199 2282 non
222 2224 320 2295 Poeni,
336 2245 395 2282 nou
418 2224 575 2302 Hispaniae
597 2224 753 2293 Galliaeve,
776 2244 815 2281 ne
840 2224 944 2291 Parthi
972 2223 1093 2300 quidem

140 2320 249 2399 saepius
265 2320 463 2379 admonuere:
487 2319 599 2399 quippe
613 2339 707 2397 regno
717 2319 838 2377 Arsacis
853 2320 949 2377 acrior
964 2333 1008 2377 est
1020 2320 1096 2377 Ger·

140 2436 295 2474 manorum
310 2416 438 2473 libertas.
480 2414 561 2486 Quid
578 2414 659 2472 enim
674 2413 755 2471 aliud
768 2414 862 2483 nobis,
877 2436 965 2491 quam
981 2415 1096 2472 caedem

141 2511 251 2579 Crassi,
270 2511 379 2569 amisso
401 2525 430 2569 et
447 2510 513 2588 ipso
530 2511 657 2578 Pacoro,
672 2509 750 2567 infra
764 2510 941 2568 Ventidium
959 2512 1096 2590 dejectus

140 2605 247 2664 Oriens
275 2606 439 2684 objeceritl
489 2608 532 2663 At
553 2604 697 2664 Germani
722 2605 863 2664 Carbone
888 2620 918 2664 et
940 2606 1045 2665 Cassio
1066 2621 1097 2665 et

61 2752 67 2772 ,
141 2702 256 2759 Scauro
264 2701 390 2758 Aurelio
402 2715 432 2759 et
443 2701 570 2759 Servilio
580 2701 723 2779 Caepione
745 2701 838 2761 Cnaeo
852 2723 971 2779 quoque
980 2702 1096 2761 Manlio

54 2858 58 2864 ,
141 2797 213 2856 fusis
222 2798 270 2855 vel
281 2797 383 2874 captis,
394 2797 524 2875 quinque
536 2798 623 2857 simul
636 2800 807 2856 consulares
819 2798 967 2856 exereitus
977 2797 1097 2875 Populo

142 2895 288 2962 Romano,
303 2893 417 2951 Varum
439 2907 560 2971 tresque
581 2914 648 2952 cum
670 2915 706 2952 eo
723 2893 858 2972 legiones
880 2894 969 2951 etiam
985 2893 1097 2952 Caeseri

142 2990 343 3049 abstulerunt:
369 3009 425 3046 nec
448 2988 569 3066 impune
591 2988 684 3048 Caius
705 2982 821 3048 Marius
840 2989 869 3046 in
892 2989 990 3059 Italia,
1012 2989 1097 3047 divus

140 3085 243 3144 Julius
260 3084 290 3142 in
304 3084 414 3152 Gallie,
429 3085 546 3143 Drusus
563 3105 598 3142 ac
616 3085 701 3144 Nero
722 3097 752 3142 et
769 3085 967 3143 Germanicus
984 3085 1014 3141 in
1035 3084 1097 3142 suis

142 3205 193 3244 eos
217 3183 340 3242 sedibus
364 3183 561 3260 perculerunt.
616 3183 691 3240 Mox
715 3181 851 3259 ingentes
876 3180 944 3238 Caii
970 3180 1097 3238 Caesaris

141 3282 230 3338 minae
247 3280 277 3336 in
294 3279 457 3337 ludibrium
473 3299 575 3337 versae.
617 3277 693 3336 Inde
710 3278 814 3347 otium,
829 3276 925 3335 donec
943 3275 1097 3334 occasione

142 3375 296 3433 discordiae
313 3388 421 3432 nostrae
438 3388 469 3433 et
486 3373 617 3432 civilium
635 3392 792 3440 armorum,
810 3371 988 3450 expugnatis
1004 3370 1098 3448 legio·

142 3492 213 3530 uum
230 3471 370 3540 hibernis,
385 3471 475 3529 etiam
490 3469 605 3529 Gallias
623 3467 828 3526 adfectavere:
851 3489 885 3526 ac
903 3487 1003 3525 rursus
1017 3466 1097 3545 pulsi

142 3566 221 3634 inde,
237 3566 380 3644 proximis
400 3565 584 3644 temporibus
604 3563 778 3642 triumphati
797 3564 893 3642 magis
914 3584 1005 3642 quam
1025 3561 1098 3621 victi

142 3679 220 3726 flunt.

105 3779 113 3793 '
181 3762 367 3822 XXXVIII.
389 3761 480 3819 Nunc
491 3759 529 3818 de
541 3757 649 3818 Suevis
660 3755 822 3815 dicendum
833 3770 886 3826 est,
898 3777 1026 3834 quorum
1037 3777 1097 3815 nou
