2394 4328
283 398 446 443 acrrcoma
463 400 662 441 vira-car.
680 398 897 442 ruma-xxix.
1027 388 1068 444 48

115 533 265 592 civitatum
287 532 452 592 sancirent:
477 543 567 608 atque
588 531 630 589 ita
649 531 769 590 irritatis
790 531 938 609 utrimque
962 531 1067 591 animis

114 629 285 687 discessum.

152 724 305 783 XXVIII.
326 722 446 783 Eadem
459 736 559 782 aestate
572 724 677 781 cohors
686 723 868 801 Usipiorum,
877 723 1066 801 parGrerma·

113 819 176 876 nias
193 819 367 897 conscripta,
382 832 412 877 et
427 819 458 876 in
476 819 660 877 Britanniam
678 818 857 887 transmissa,
872 838 1016 896 magnum
1032 840 1066 878 ac

114 915 307 972 memorabile
317 913 432 972 facinus
444 933 515 972 ausa
526 926 579 971 est.
618 913 725 972 Occiso
737 913 909 973 centurione
921 934 957 972 ac
967 915 1066 972 militi·

113 1009 177 1078 bus,
200 1011 261 1087 qui,
284 1010 322 1067 ad
345 1008 519 1067 tradendam
539 1007 727 1086 disciplinam
746 1009 875 1066 immixti
899 1011 1065 1089 manipulis,

113 1106 287 1181 exemplum
305 1117 336 1162 et
351 1117 483 1161 rectores
494 1104 689 1173 habebantur,
704 1116 765 1161 tres
778 1105 939 1162 liburnicas
952 1105 1066 1165 adactis

112 1199 249 1278 pervim
271 1198 519 1275 gubernatoribus
542 1197 721 1256 ascendere:
747 1211 777 1254 et
795 1219 855 1255 uno
874 1190 1066 1277 remigiante,

112 1293 258 1369 suspectis
267 1291 383 1351 duobus
393 1292 930 1372 eoqueinterfectismondumvulgato
938 1316 1066 1367 rumore,

112 1400 146 1443 ut
159 1387 345 1456 miraculum,
357 1389 612 1466 praevehebantur.
654 1388 728 1445 Mox
739 1389 797 1446 hac
812 1400 900 1465 atque
914 1390 967 1447 illa
981 1392 1066 1468 rapti,

112 1493 143 1538 et
164 1502 232 1538 cum
249 1482 398 1559 plerisque
416 1483 627 1541 Britannorum
649 1505 702 1542 sua
719 1484 943 1542 defensantium
960 1486 1067 1563 proelio

111 1577 272 1654 congressi,
295 1598 328 1635 ac
349 1598 429 1656 saepe
450 1578 588 1648 victores,
610 1579 770 1656 aliquando
790 1581 880 1659 pulsi,
898 1601 934 1639 eo
955 1582 993 1639 ad
1015 1600 1066 1639 ex·

112 1684 237 1728 tremum
249 1671 357 1750 inopiae
366 1693 484 1742 venare,
496 1686 528 1730 ut
539 1674 753 1733 infirmissimos
763 1695 895 1745 suorum,
904 1696 974 1735 mox
985 1689 1065 1735 sorte

112 1765 223 1836 ductos,
241 1781 441 1825 vescerentur.
481 1770 582 1845 Atque
602 1769 643 1828 ita
664 1770 854 1830 circumvecti
871 1772 1064 1845 Britanniam,

112 1861 223 1919 amissis
245 1883 301 1941 per
322 1863 470 1921 inscitiam
493 1864 617 1942 regendi
641 1866 778 1936 navibus,
795 1887 851 1945 pro
872 1866 1064 1945 praedonibus

110 1955 211 2025 babiti,
222 1957 353 2036 primum
368 1958 510 2027 aSuevis‚
521 1979 593 2017 mox
608 1960 740 2018 aFrisiis
754 1961 911 2039 intercepti
926 1974 1012 2021 sunt:
1031 1982 1065 2020 ec

110 2051 205 2121 fuere,
214 2074 287 2129 quos
297 2074 352 2131 per
361 2055 538 2112 commercia
545 2055 785 2125 venumdatos,et
792 2057 823 2113 in
832 2069 962 2114 nostram
970 2077 1065 2135 usque

111 2147 208 2226 ripam
223 2148 387 2205 mutatione
399 2148 562 2206 ementium
577 2148 730 2220 adductos,
741 2150 885 2207 indicium
896 2150 968 2208 tanti
980 2170 1066 2208 casus

111 2241 277 2299 illustravit.

152 2336 271 2395 XXIX.
292 2336 383 2394 Initio
392 2337 500 2396 aestatis
509 2337 661 2414 Agricola,
671 2336 835 2396 domestico
845 2339 969 2396 vulnere
980 2339 1065 2409 ictus,

112 2450 189 2488 anno
207 2444 274 2489 ante
288 2445 393 2490 natum
410 2432 503 2490 filium
522 2432 627 2491 amisit.
669 2433 773 2505 Quem
791 2454 891 2492 casum
911 2455 1018 2512 neque,
1033 2448 1067 2493 ut

111 2528 249 2606 plerique
267 2528 388 2587 fortium
406 2529 550 2599 virorum,
566 2529 730 2598 ambitiose,
749 2549 848 2607 neque
866 2551 922 2609 per
938 2534 1066 2590 lamenta

111 2641 213 2681 rursus
237 2645 271 2683 ac
288 2644 446 2683 moerorem
464 2624 649 2683 muliebriter
665 2626 748 2697 tulit3
770 2640 801 2684 et
814 2626 844 2682 in
857 2628 939 2685 luctu
956 2628 1065 2687 bellum

111 2717 188 2775 inter
201 2719 336 2778 remedia
350 2733 421 2779 erat.
462 2719 561 2799 Igitur
571 2722 724 2799 praemissa
738 2724 841 2793 classe,
854 2744 920 2800 quae
931 2725 1066 2802 pluribus

111 2813 183 2871 locis
200 2816 333 2892 praedata
352 2837 495 2895 magnum
513 2830 543 2874 et
559 2817 704 2876 incertum
720 2831 862 2877 terrorem
879 2818 1000 2888 faceret,
1015 2840 1065 2877 ex·

110 2907 214 2989 perlito
228 2910 371 2979 exercitu,
383 2912 430 2968 cui
443 2931 481 2968 ex
493 2911 643 2971 Britannis
654 2913 831 2972 fortissimos
846 2925 876 2970 et
889 2915 979 2990 longa
990 2933 1066 2990 pace

112 2986 290 3080 aribloratos'
305 3003 474 3076 addiderat,
497 3005 536 3065 ad
562 3021 695 3066 montem
719 3008 897 3087 Grampium
921 3006 1065 3085 pervenit,

112 3116 203 3174 quem
214 3097 279 3175 jam
296 3097 396 3156 hostes
412 3099 591 3160 insederant.
632 3103 712 3160 Nam
727 3102 873 3171 Britanni,
890 3101 963 3158 nibil
979 3099 1066 3158 fracti

111 3212 222 3270 pugnae
240 3191 347 3270 prioris
364 3206 482 3261 eventu,
497 3208 527 3251 et
544 3195 687 3253 ultionem
705 3208 755 3254 aut
771 3195 926 3253 servitIum
943 3214 1065 3272 exspec-

111 3300 216 3356 tantes,
233 3286 414 3364 tandemque
438 3287 517 3345 docti
541 3307 696 3346 commune
718 3290 886 3366 periculum
907 3288 1065 3350 concordia

111 3381 356 3461 propulsandum,
371 3381 569 3460 legationibus
586 3394 617 3439 et
633 3382 797 3440 foederibus
816 3384 948 3441 omniurn
964 3385 1063 3446 civite·

112 3491 175 3536 tum
186 3476 263 3535 vires
274 3476 454 3536 exciverant.
494 3475 625 3553 Jamque
636 3497 728 3554 super
738 3477 856 3555 triginta
867 3479 961 3538 millia
970 3500 1064 3540 arma·

111 3584 209 3631 mrum
231 3571 503 3651 aspiciebantur,'at
525 3572 621 3630 adhuc
644 3572 781 3631 affluebat
803 3574 897 3632 omnis
913 3575 1062 3652 juventus,

111 3664 144 3747 ξε
164 3668 272 3749 quibus
294 3668 386 3727 cruda
407 3688 441 3726 ac
460 3668 562 3726 viridis
585 3681 732 3739 senectus,
751 3668 823 3726 clari
842 3668 934 3740 bello,
955 3690 990 3727 ac
1009 3690 1064 3731 sus

111 3752 240 3849 quhqtre
254 3762 366 3824 decora
378 3776 544 3843 gestantes3
566 3784 634 3823 cum
648 3765 726 3824 inter
738 3766 840 3844 plures
854 3764 946 3825 duces
955 3764 1064 3824 virtuto
