2394 4328
139 358 178 414 14
423 370 450 410 c.
474 368 650 411 coenamus
672 371 806 412 rroirus

136 503 282 563 vocabula
294 500 419 572 babent3
438 500 590 559 auctumni
604 499 729 579 perinde
744 521 854 557 nornen
869 521 903 558 ac
917 501 994 558 bona
1008 500 1093 579 igno·

136 613 248 658 rantur.

176 693 312 753 XXVII.
326 694 481 752 Funerum
489 693 570 751 nulla
579 692 714 752 ambitio:
727 691 757 749 id
766 694 863 750 solum
872 694 1053 762 observatur,
1060 706 1094 752 ut

136 809 262 867 corpora
273 790 420 846 clarorum
428 788 561 846 virorum
570 787 658 846 certis
666 787 754 866 lignis
765 803 942 847 crementur.
973 788 1093 847 Struem

135 885 202 963 rogi
222 905 279 943 nec
299 884 440 952 vestibus,
460 903 517 941 nec
536 882 687 953 odoribus,
711 885 879 943 cumulante
908 904 963 942 sua
983 885 1094 962 cuique

136 1001 228 1051 arma,
252 979 437 1059 quorundam
461 979 523 1057 igni
547 992 577 1037 et
601 999 694 1057 equus
717 978 862 1057 adjicitur.
913 980 1093 1059 Sepulcrum

135 1097 241 1156 cespes
252 1076 349 1155 erigit.
378 1077 644 1134 Monumeutorum
655 1074 781 1133 arduum
792 1088 822 1134 et
833 1096 991 1153 operosum
999 1077 1093 1134 hono·

135 1193 208 1242 rem,
232 1187 265 1231 ut
288 1192 409 1250 gravem
434 1171 588 1240 defunctis,
610 1171 834 1250 adspernantur.
887 1171 1034 1229 Lamenta
1057 1193 1093 1230 ac

135 1268 274 1327 lacrimas
287 1269 354 1338 cito,
365 1267 501 1325 dolorem
513 1279 543 1325 et
553 1266 702 1324 tristitiam
712 1265 797 1324 tarde
805 1278 926 1345 ponunt.
960 1267 1093 1325 Feminis

135 1365 241 1442 lugere
252 1366 413 1422 honestum
425 1375 484 1434 est;
502 1362 573 1421 viris
584 1362 764 1420 meminisse.
805 1362 883 1420 Haec
894 1363 924 1420 in
935 1383 1093 1421 commuue

136 1459 175 1518 de
189 1460 320 1517 omnium
335 1459 555 1516 Germanorum
572 1458 686 1535 origiue
705 1477 739 1515 ac
757 1458 888 1516 moribus
905 1459 1092 1538 accepimus:

105 1574 111 1582 ·
136 1575 212 1612 nuuc
240 1556 422 1631 singularum
453 1553 586 1631 gentium
614 1553 748 1612 instituta
776 1553 920 1630 ritusque,
946 1568 1093 1630 quatenus

136 1648 283 1718 differant,
298 1670 364 1726 quae
382 1649 518 1707 nationes
533 1669 551 1706 e
564 1649 729 1708 Germania
742 1650 773 1707 in
787 1648 901 1708 Gallias
917 1650 1092 1728 commigra-

135 1744 240 1813 verint,
255 1743 424 1822 expediam.

174 1841 328 1899 XXVIII.
346 1840 517 1898 Validiores
533 1840 603 1899 olim
614 1840 770 1899 Gallorum
784 1861 832 1897 res
843 1840 945 1909 fuisse,
958 1861 1095 1900 summus

136 1936 597 1996 auctorumdivusJuliustraditz
611 1957 707 2015 eoque
714 1937 856 1996 credibile
866 1950 919 2007 est,
926 1938 1092 1997 etiamGal·

136 2034 178 2091 los
192 2033 223 2091 iu
238 2032 430 2091 Germaniam
446 2045 654 2109 transgressos.
695 2032 885 2104 Quantulum
899 2032 979 2091 euim
997 2035 1094 2093 amnis

136 2130 279 2200 obstabat,
293 2150 352 2208 quo
367 2128 475 2201 minus,
488 2141 520 2186 ut
533 2149 661 2206 quaeque
675 2148 748 2206 gens
759 2129 919 2199 maluerat,
931 2143 1093 2207 occuparet

136 2239 378 2305 permutaretque
388 2225 486 2294 sedes,
494 2224 676 2303 promiscuas
688 2224 785 2282 adhuc
796 2237 825 2283 et
835 2226 919 2283 nulla
930 2246 1093 2303 regnorum

135 2321 405 2401 potentiadivisasl
435 2320 532 2398 Igitur
540 2320 617 2378 inter
625 2319 812 2398 Hercyniam
822 2322 927 2380 silvam
937 2323 1091 2381 Rhenum·

136 2436 195 2493 que
219 2429 250 2473 et
270 2416 406 2475 Moenum
428 2437 531 2474 amnes
553 2416 697 2485 Helvetii,
718 2416 860 2475 ulteriora
880 2417 957 2487 Boii,
975 2419 1093 2478 Gallica

137 2524 261 2587 utraque
287 2499 369 2586 gens,
391 2524 522 2569 tenuere.
580 2512 684 2571 Manet
711 2512 807 2571 adhuc
831 2514 946 2572 Boiemi
973 2535 1091 2584 nomeu,

137 2605 342 2682 significatque
370 2605 427 2663 loci
449 2619 584 2665 veterem
612 2607 786 2666 memoriam
812 2609 946 2686 quamvis
973 2610 1093 2668 mutatis

137 2701 306 2759 cultoribus.
355 2701 417 2759 Sed
434 2714 533 2760 utrum
549 2702 686 2761 Aravisci
704 2703 734 2760 in
752 2703 938 2763 Pannoniam
959 2706 996 2762 ab
1013 2705 1091 2774 Osis,

137 2797 357 2855 Germanorum
370 2796 500 2866 natione,
513 2818 550 2855 an
564 2797 616 2856 Osi
632 2799 669 2856 ab
679 2799 831 2859 Araviscis
845 2799 875 2857 in
886 2800 1091 2868 Germaniam,

138 2892 403 2971 commigraverint,
426 2914 493 2952 cum
518 2893 626 2952 eodem
651 2894 749 2953 adhuc
772 2915 918 2964 sermone,
940 2895 1102 2964 institutis,

138 2990 270 3047 moribus
289 3002 416 3057 utantur,
432 2988 577 3047 incertum
595 3003 655 3049 est:
677 2990 754 3066 quia,
768 2991 834 3068 pari
851 2991 921 3049 olim
936 2991 1038 3069 inopia
1057 3011 1091 3050 ac

137 3085 286 3155 libertate,
313 3084 419 3143 eadem
447 3085 601 3162 utriusque
628 3085 702 3164 ripae
728 3086 806 3144 bona
832 3089 970 3164 malaque
998 3099 1092 3146 erant.

139 3182 263 3240 Treveri
278 3194 308 3240 et
319 3181 424 3239 Nervii
436 3181 515 3239 circa
530 3181 757 3240 adfectationem
769 3182 956 3240 Germanicas
969 3182 1092 3259 originis

137 3278 215 3335 ultro
227 3277 374 3335 ambitiosi
383 3291 458 3350 sunt,
468 3290 629 3355 tamquam,
638 3297 694 3355 per
703 3278 780 3335 hanc
791 3278 918 3355 gloriam
929 3277 1091 3355 sanguinis,

138 3394 156 3431 a
178 3373 371 3432 similitudine
393 3385 422 3432 et
443 3373 552 3432 inertia
573 3375 730 3432 Gallorum
757 3387 941 3451 separentur.
991 3373 1092 3450 Ipsam

138 3469 239 3527 Rheni
265 3469 362 3546 ripam
385 3469 465 3527 haud
490 3469 580 3527 dubie
602 3469 820 3527 Germanorum
847 3471 952 3548 populi
979 3472 1090 3539 colunt,

138 3564 321 3641 Vangiones,
338 3565 471 3635 Triboci,
489 3566 641 3623 Nemetes.
683 3565 734 3622 Ne
751 3565 824 3622 Ubii
846 3567 967 3644 quidem
989 3587 1092 3644 quam·

138 3680 227 3737 quam
237 3662 372 3720 Romana
385 3662 501 3720 colonia
515 3681 581 3720 esse
595 3661 768 3730 meruerint,
781 3682 815 3719 ac
828 3662 970 3720 libentius
980 3663 1091 3739 Agrip-

137 3758 265 3833 pinenses
291 3758 452 3817 conditoris
482 3758 529 3816 sui
555 3757 673 3816 nomine
699 3771 851 3828 vocentur,
879 3760 994 3838 origine
1025 3781 1092 3818 eru·
