2474 4326
382 405 419 444 na
435 371 732 444 'acaunum-cnr.
750 401 935 443 auu-mvn
1090 383 1130 439 23

106 604 110 608 ῃ
182 535 332 592 olentem:
353 554 422 590 mox
442 548 473 592 ut
489 535 518 592 in
536 534 633 612 picem
650 534 816 591 resinamve
830 532 974 590 lentescit.
1016 531 1131 589 Suioni-

181 629 237 687 bus
259 630 394 690 Sitonum
417 642 520 708 gentes
544 629 761 687 continuantur.
807 628 916 686 Cetera
936 627 1049 685 similes
1071 647 1131 684 uno

181 712 329 797 differunt,
341 726 421 804 quod
431 726 542 784 femina
556 725 741 783 dominatur:
763 725 794 780 in
808 736 923 781 tantum
937 743 993 779 non
1009 721 1099 779 modo
1113 742 1131 780 e

181 818 315 879 libertate
333 821 387 879 sed
403 822 493 880 etiam
512 842 530 879 a
545 820 686 878 servitute
703 820 892 898 degenerant.
932 818 993 876 Hic
1011 817 1131 876 Sueviae

180 914 254 973 finis.

220 1011 337 1070 XLVI.
359 1012 562 1070 Peucinorum
575 1010 830 1088 Venedommque
848 1023 878 1069 et
891 1011 1062 1069 Fennorum
1078 1033 1130 1070 na·

179 1105 278 1164 tiones
296 1106 456 1164 Germanis
480 1127 517 1163 an
535 1105 675 1163 Sarmatis
698 1107 874 1175 adscribam,
895 1107 1006 1176 debite,
1028 1128 1129 1185 quarn·

178 1221 266 1277 quam
288 1201 425 1270 Peucini,
444 1221 518 1277 quos
539 1200 658 1278 quidam
676 1203 833 1258 Bastarnas
850 1214 965 1270 vocant,
983 1222 1130 1271 sermone,

180 1298 271 1363 cultu,
281 1296 353 1353 sede
366 1315 400 1353 ac
411 1295 570 1353 domiciliis
581 1309 614 1352 ut
624 1295 768 1353 Germani
780 1308 878 1372 agunt.
916 1295 1026 1353 Sordes
1040 1298 1130 1353 omni·

179 1411 230 1448 um
243 1411 277 1448 ac
287 1404 404 1469 torpor:
421 1411 581 1469 procerum
597 1391 751 1449 connubiis
765 1391 866 1450 mixtis
877 1391 1009 1448 nonnihil
1021 1391 1051 1448 in
1063 1391 1131 1448 Sar·

178 1498 324 1543 matarum
335 1485 466 1543 habitum
477 1486 631 1567 foedantur.
673 1486 792 1544 Venedi
804 1489 929 1544 multum
944 1506 983 1544 ex
997 1487 1131 1546 moribus

137 1614 140 1623 ι
178 1591 337 1638 traxerunt.
378 1581 459 1639 Nam
474 1581 618 1658 quidquid
632 1582 711 1639 iuter
725 1581 874 1641 Peucinos
890 1582 1067 1659 Fennosque
1082 1583 1130 1640 sil-

177 1694 279 1733 varum
291 1697 325 1734 ac
334 1678 478 1735 montium
490 1677 620 1755 erigitur,
630 1678 791 1735 latrociniis
801 1691 970 1756 pererrant:
988 1679 1017 1734 hi
1030 1692 1129 1736 tamen

177 1770 254 1828 inter
264 1772 429 1831 Germanos
438 1775 536 1852 potius
549 1773 726 1842 referuntur,
738 1773 810 1850 quia
821 1787 849 1831 et
860 1774 965 1832 domos
974 1774 1090 1852 fingunt
1101 1787 1131 1833 et

124 1908 130 1919 „
177 1880 258 1925 scuta
273 1882 389 1944 gestant
402 1883 433 1926 et
442 1869 577 1947 peditum
588 1889 644 1926 usu
660 1889 694 1926 ac
705 1869 881 1947 pernicitate
897 1869 1030 1948 gaudent
1036 1892 1043 1940 ;
1063 1891 1129 1946 quae

177 1963 276 2019 omnia
289 1963 409 2022 diversa
420 1964 563 2022 Sarmatis
578 1978 653 2034 sunt,
665 1965 695 2021 in
710 1966 841 2042 plaustro
856 1984 994 2042 equoque
1006 1971 1072 2022 vive

176 2057 239 2116 bus.
281 2059 394 2133 Fennis
405 2059 480 2117 mira
489 2059 598 2127 feritas,
609 2059 689 2117 foeda
699 2073 877 2136 paupertas:
898 2080 957 2116 non
969 2080 1059 2129 arma,
1071 2081 1128 2117 uon

176 2153 256 2231 equi,
278 2175 337 2211 non
357 2168 500 2232 penates:
527 2154 619 2211 victui
640 2154 743 2222 herba,
763 2154 881 2211 vestitui
903 2157 1010 2232 pelles,
1032 2155 1130 2213 cubile

175 2249 303 2307 humus:
328 2252 391 2307 sola
411 2249 443 2307 in
464 2248 579 2326 sagittis
600 2268 678 2326 spes,
697 2267 778 2324 quas,
795 2247 895 2325 inopia
914 2248 996 2316 ferri,
1015 2247 1130 2306 ossibus

176 2357 330 2421 asperent:
352 2344 492 2422 idemque
506 2356 630 2401 venatus
644 2343 723 2401 viros
740 2342 854 2422 pariter
875 2365 909 2402 ac
925 2343 1049 2401 feminas
1072 2344 1130 2402 alit.

176 2438 294 2496 Passim
308 2439 388 2497 euim
403 2439 589 2519 comitantur,
599 2452 776 2518 partemque
788 2438 898 2517 praedae
909 2452 1024 2518 petunt.
1062 2440 1130 2499 Nec

176 2535 256 2593 aliud
273 2535 432 2594 infantibus
443 2536 573 2594 ferarum
587 2535 785 2611 imbriumque
808 2535 980 2614 suffugium,
993 2557 1081 2614 quam
1098 2548 1131 2595 ut

176 2629 206 2686 in
221 2631 320 2709 aliquo
334 2640 485 2691 ramorum
499 2653 580 2690 nexu
594 2644 807 2708 contegantur:
829 2633 888 2690 huc
904 2632 1033 2690 redeunt
1042 2624 1129 2711 juve·

175 2747 237 2795 nes,
255 2729 309 2786 lroc
330 2749 436 2786 senum
457 2729 690 2806 receptaculum.
733 2727 793 2786 Sed
811 2729 928 2786 beatius
950 2729 1149 2801 arbitrantur⁸

176 2843 265 2898 quam
276 2823 429 2900 ingemere
444 2825 531 2902 agris,
543 2821 707 2882 inlaborare
719 2823 866 2893 domibus,
878 2845 945 2882 suas
957 2825 1128 2900 alienasque

176 2917 309 2975 fortunas
323 2939 375 2994 spe
390 2932 532 2996 metuque
547 2940 675 2979 versare.
715 2918 820 2976 Securi
833 2919 974 2976 adversus
985 2917 1128 2987 homines,

176 3013 272 3069 securi
291 3013 430 3071 adversus
445 3013 528 3082 deos,
546 3034 609 3072 rem
625 3014 829 3071 difficillimam
850 3013 985 3071 adsecuti
1002 3024 1078 3080 sunt,
1096 3025 1130 3071 ut

177 3107 237 3165 ill'n
253 3126 290 3163 ue
306 3119 376 3164 voto
393 3106 515 3184 quidem
535 3128 610 3185 opus
631 3121 717 3166 esset.
766 3109 878 3166 Cetera
893 3109 959 3184 jam
975 3107 1128 3166 fabulosa:

177 3184 326 3260 rmntios
338 3213 364 3259 et
378 3203 509 3260 Omionar
523 3202 730 3259 maderniacus
744 3202 899 3296 pullosque,
911 3222 1030 3275 corpora
1044 3210 1129 3277 etque

176 3299 402 3374 crtasferarurn
415 3316 534 3373 gerere:
557 3295 637 3374 quod
654 3317 691 3374 eq
705 3332 721 3365 t,
736 3306 769 3352 ut
785 3294 1011 3375 incompertum,
1020 3294 1051 3353 iu
1068 3315 1128 3355 me·

177 3393 260 3451 dium
273 3392 450 3474 relinquam.
