2394 4328
133 348 175 407 ³4
420 364 446 403 c.
470 362 646 405 conantius
669 361 812 403 rrerrns.

133 493 266 554 continui
281 492 368 550 maris
382 491 492 550 tardius
505 492 675 570 impellitur.
715 491 863 548 Naturam
879 490 981 548 oceani
996 504 1085 566 atque

132 603 222 649 aratus
236 609 333 664 neque
348 608 480 663 quaerere
494 588 581 664 hujus
600 587 698 664 operis
716 599 769 655 est,
784 607 818 643 ac
836 585 921 643 multi
938 588 1084 644 retulere:

133 704 225 742 unum
239 683 422 741 addiderim:
440 702 587 759 nusquam
598 682 685 739 latius
697 681 842 739 dominari
856 701 948 750 mare,
960 684 1084 738 multum

131 782 287 842 fluminum
297 781 355 838 huc
367 792 455 856 atque
466 779 537 836 illuc
546 779 799 848 ferre,neclitt0re
811 790 898 834 tenus
913 796 1085 834 accrescere

132 889 183 935 aut
197 875 355 944 resorberi,
371 874 423 934 sed
437 875 561 931 influere
575 874 693 951 penitus
711 886 799 950 atque
817 872 943 942 ambire,
958 886 988 929 et
1000 873 1084 950 jugis

131 972 223 1031 etiam
238 985 326 1049 atque
340 970 489 1028 montibus
503 969 591 1027 inseri
605 971 684 1025 velut
698 968 728 1025 in
743 988 806 1025 sue.

169 1067 226 1125 XI.
247 1067 393 1124 Ceterum
406 1064 589 1121 Britanniam
605 1063 656 1140 qui
673 1063 810 1121 mortales
826 1062 910 1120 initio
931 1063 1081 1132 coluerint,

131 1160 280 1239 indigcnae
292 1181 330 1218 an
342 1160 468 1229 advecti,
480 1171 513 1216 ut
523 1159 602 1215 inter
612 1160 762 1227 barbaros,
771 1178 877 1236 parum
888 1171 1081 1235 compertum.

130 1255 261 1315 Habitus
272 1275 429 1333 corporum
441 1254 528 1313 varii:
551 1267 637 1330 atque
649 1274 735 1311 exeo
748 1266 936 1330 argumenta:
955 1273 1081 1330 namque

130 1351 226 1411 rutilae
241 1350 435 1409 Caledoniam
450 1349 646 1408 habitantium
667 1368 769 1417 comae,
786 1348 887 1424 magni
908 1361 986 1406 artus
1007 1348 1081 1405 Ger·

130 1446 278 1505 manicam
288 1447 433 1524 originem
445 1456 622 1503 asseverant.
659 1444 792 1502 Silurum
802 1443 923 1501 colorati
935 1444 1041 1512 vultus,
1051 1456 1082 1500 et

130 1541 197 1600 torti
215 1543 394 1619 plerumque
411 1540 516 1609 crines,
531 1552 561 1597 et
575 1539 674 1618 posita
690 1552 792 1597 contra
805 1537 963 1616 Hispania,
978 1538 1081 1595 Iberos

130 1648 247 1694 veteres
264 1636 413 1711 trajecisse
431 1655 540 1711 easque
561 1634 648 1691 sedes
666 1654 839 1712 occupasse,
853 1633 945 1690 fidem
961 1633 1080 1695 faciunt.

130 1729 265 1788 Proximi
276 1729 370 1786 Gallis
385 1741 415 1786 et
428 1728 539 1787 similes
553 1741 629 1798 sunt,
641 1749 695 1786 seu
706 1728 830 1787 durante
845 1728 966 1806 originis
978 1728 1017 1797 vi,
1028 1748 1081 1786 seu

130 1823 371 1903 procurrentibus
392 1822 422 1881 in
444 1823 559 1882 diversa
582 1824 674 1881 terris·
689 1823 797 1901 positio
819 1824 886 1881 coeli
909 1823 1082 1900 corporibus

129 1919 262 1978 habitum
289 1918 389 1979 dedit:
419 1919 450 1976 in
473 1919 643 1978 universum
671 1932 770 1976 tamen
797 1917 963 1988 aestimanti,
977 1917 1081 1975 Gallos

129 2014 259 2077 vicinum
280 2017 375 2073 solum
397 2035 567 2092 occupasse,
586 2015 729 2073 credibile
753 2026 808 2073 est.
859 2014 974 2071 Eorum
996 2033 1082 2071 sacra
1148 2003 1152 2011 ¹

130 2109 335 2189 deprehendas
364 2110 605 2189 superstitionum
631 2109 842 2188 persuasione:
876 2129 973 2167 sermo
1000 2107 1080 2166 haud

130 2207 256 2265 multum
265 2206 416 2265 diversus:
432 2206 463 2263 in
472 2205 670 2283 deposcendis
680 2204 821 2283 periculis
830 2204 937 2263 eadem
948 2203 1080 2271 audacia,

130 2312 169 2371 et,
187 2301 239 2359 ubi
261 2301 417 2370 advenere,
435 2301 465 2358 in
488 2300 689 2359 detrectandis
712 2299 820 2358 eadem
841 2298 985 2357 formido:
1012 2299 1081 2376 plus

129 2408 229 2453 tamen
243 2395 361 2453 ferociae
375 2395 510 2453 Britanni
525 2397 696 2473 praeferunt,
710 2408 743 2453 ut
757 2414 832 2472 quos
848 2394 980 2452 nondum
992 2394 1082 2470 longa

130 2508 191 2568 pax
213 2490 378 2547 emollierit
423 2490 504 2548 Nam
525 2491 628 2549 Gallos
649 2510 768 2567 quoque
790 2490 822 2548 in
842 2489 928 2549 bellis
945 2488 1081 2547 floruisse

130 2585 315 2663 accepimus:
337 2605 409 2642 mox
422 2586 547 2663 segnitia
560 2608 628 2646 cum
643 2589 703 2648 otio
716 2588 845 2658 intravit,
855 2587 962 2646 amissa
971 2586 1081 2644 virtute

129 2680 242 2758 pariter
250 2680 440 2739 aclibertate.
471 2682 863 2752 QuodBritannornmolim
871 2683 1080 2756 victisevenit;

129 2770 222 2833 obteri
236 2788 358 2833 manent
371 2777 475 2853 quales
489 2778 571 2837 Galli
585 2779 714 2839 fuerunt.

168 2869 241 2929 XII.
262 2871 298 2928 In
309 2870 409 2948 pedite
419 2873 510 2930 robur
520 2896 527 2932 :
549 2874 686 2950 quaedam
696 2875 830 2935 nationes
841 2888 872 2933 et
883 2894 972 2933 curru
981 2875 1080 2953 proeli-

129 2979 233 3027 antur:
254 2967 404 3025 honestior
420 2968 533 3046 auriga,
547 2970 668 3029 clientes
682 2983 891 3049 propugnant:
914 2970 986 3030 olim
1002 2970 1079 3048 regi·

127 3062 190 3121 bus
205 3065 361 3140 parebant,
375 3082 455 3123 nune
475 3084 530 3143 per
550 3065 701 3145 principes
720 3066 900 3126 factionibus
922 3081 953 3126 et
975 3067 1080 3126 studiis

128 3158 297 3219 trahuntur:
315 3179 371 3219 nec
385 3159 466 3218 aliud
480 3160 621 3219 adversus
634 3161 830 3221 validissimas
843 3174 947 3239 gentes
961 3182 1015 3242 pro
1028 3183 1080 3220 no-

128 3252 175 3310 bis
186 3254 297 3324 utilius,
308 3276 398 3332 quam
409 3254 489 3333 quod
499 3255 696 3315 incommune
706 3276 766 3315 non
777 3258 940 3316 consulunt.
980 3258 1081 3315 Rarus

128 3347 242 3406 duabus
259 3351 411 3427 tribusque
428 3350 594 3410 civitatibus
613 3350 650 3410 ad
667 3350 903 3430 propulsandum
921 3372 1080 3411 commune

128 3441 295 3519 periculum
312 3457 489 3505 conventus:
510 3446 559 3514 ita,
575 3446 647 3503 dum
663 3445 774 3523 singuli
790 3460 934 3523 pugnant,
948 3447 1080 3507 universi

127 3539 292 3599 vincuntur.
317 3543 452 3601 sOoelum
469 3543 581 3601 crebris
597 3542 739 3600 imbribus
761 3562 795 3600 ac
811 3530 932 3603 nebulis
944 3546 1078 3617 foedum3

128 3634 271 3712 asperitas
281 3636 425 3715 iiigorum
437 3639 528 3696 abest.
564 3637 693 3696 Dierum
704 3637 800 3714 spatia
809 3641 888 3699 ultra
895 3640 989 3699 nostri
999 3641 1079 3698 orbis

127 3746 306 3801 mensuram,
321 3746 352 3791 et
367 3753 428 3791 nox
445 3735 525 3792 clara
540 3746 571 3793 et
588 3745 721 3792 extrema
735 3734 897 3795 Britanniae
910 3747 996 3813 parte
1011 3735 1078 3794 bre·
