<?xml version="1.0" encoding="UTF-8"?>
<!DOCTYPE html PUBLIC "-//W3C//DTD XHTML 1.0 Transitional//EN"
    "http://www.w3.org/TR/xhtml1/DTD/xhtml1-transitional.dtd">
<html xmlns="http://www.w3.org/1999/xhtml" xml:lang="en" lang="en">
 <head>
  <title>
</title>
<meta http-equiv="Content-Type" content="text/html;charset=utf-8" />
  <meta name='ocr-system' content='tesseract 3.04.00' />
  <meta name='ocr-capabilities' content='ocr_page ocr_carea ocr_par ocr_line ocrx_word'/>
</head>
<body>
  <div class='ocr_page' id='page_1' title='image "./germaniaandagri00btgoog_0111.png"; bbox 0 0 2394 4328; ppageno 0'>
   <div class='ocr_carea' id='block_1_1' title="bbox 143 335 814 445">
    <p class='ocr_par' dir='ltr' id='par_1_1' title="bbox 143 335 814 445">
     <span class='ocr_line' id='line_1_1' title="bbox 143 335 814 395; baseline -0.012 0"><span class='ocrx_word' id='word_1_1' title='bbox 143 335 185 395; x_wconf 77' lang='lat'><strong>48</strong></span> <span class='ocrx_word' id='word_1_2' title='bbox 422 349 449 389; x_wconf 87' lang='lat' dir='ltr'><strong>c.</strong></span> <span class='ocrx_word' id='word_1_3' title='bbox 473 347 647 389; x_wconf 75' lang='lat' dir='ltr'><strong>coenamus</strong></span> <span class='ocrx_word' id='word_1_4' title='bbox 670 346 814 388; x_wconf 70' lang='lat' dir='ltr'><strong>bactrus.</strong></span> 
     </span>
     <span class='ocr_line' id='line_1_2' title="bbox 573 422 585 445; baseline 0 -1"><span class='ocrx_word' id='word_1_5' title='bbox 573 422 585 445; x_wconf 61' lang='lat' dir='ltr'><strong>n</strong></span> 
     </span>
    </p>
   </div>
   <div class='ocr_carea' id='block_1_2' title="bbox 58 478 1097 3801">
    <p class='ocr_par' dir='ltr' id='par_1_2' title="bbox 58 478 1097 2161">
     <span class='ocr_line' id='line_1_3' title="bbox 140 478 1094 561; baseline -0.003 -19"><span class='ocrx_word' id='word_1_6' title='bbox 140 482 283 561; x_wconf 79' lang='lat' dir='ltr'><strong>Agricola</strong></span> <span class='ocrx_word' id='word_1_7' title='bbox 292 493 351 539; x_wconf 90' lang='lat' dir='ltr'><strong>tres</strong></span> <span class='ocrx_word' id='word_1_8' title='bbox 363 481 545 539; x_wconf 86' lang='lat' dir='ltr'><strong>Batavorum</strong></span> <span class='ocrx_word' id='word_1_9' title='bbox 560 478 696 536; x_wconf 80' lang='lat' dir='ltr'><strong>cohortes</strong></span> <span class='ocrx_word' id='word_1_10' title='bbox 711 498 745 536; x_wconf 91' lang='lat' dir='ltr'><strong>ac</strong></span> <span class='ocrx_word' id='word_1_11' title='bbox 757 478 949 555; x_wconf 85' lang='lat' dir='ltr'><strong>Tungrorum</strong></span> <span class='ocrx_word' id='word_1_12' title='bbox 963 479 1037 538; x_wconf 88' lang='lat' dir='ltr'><strong>duas</strong></span> <span class='ocrx_word' id='word_1_13' title='bbox 1048 501 1094 539; x_wconf 89' lang='lat' dir='ltr'><strong>co·</strong></span> 
     </span>
     <span class='ocr_line' id='line_1_4' title="bbox 140 574 1095 646; baseline -0.002 -10"><span class='ocrx_word' id='word_1_14' title='bbox 140 578 273 636; x_wconf 82' lang='lat' dir='ltr'><strong>hortatus</strong></span> <span class='ocrx_word' id='word_1_15' title='bbox 291 589 344 646; x_wconf 88' lang='lat' dir='ltr'><strong>est,</strong></span> <span class='ocrx_word' id='word_1_16' title='bbox 363 588 395 634; x_wconf 92' lang='lat' dir='ltr'><strong>ut</strong></span> <span class='ocrx_word' id='word_1_17' title='bbox 412 595 475 632; x_wconf 89' lang='lat' dir='ltr'><strong>rem</strong></span> <span class='ocrx_word' id='word_1_18' title='bbox 493 574 531 632; x_wconf 90' lang='lat' dir='ltr'><strong>ad</strong></span> <span class='ocrx_word' id='word_1_19' title='bbox 547 595 703 632; x_wconf 89' lang='lat' dir='ltr'><strong>mucrones</strong></span> <span class='ocrx_word' id='word_1_20' title='bbox 720 594 754 632; x_wconf 91' lang='lat' dir='ltr'><strong>ac</strong></span> <span class='ocrx_word' id='word_1_21' title='bbox 770 594 874 632; x_wconf 90' lang='lat' dir='ltr'><strong>manus</strong></span> <span class='ocrx_word' id='word_1_22' title='bbox 893 574 1095 637; x_wconf 82' lang='lat' dir='ltr'><strong>adducerent:</strong></span> 
     </span>
     <span class='ocr_line' id='line_1_5' title="bbox 140 670 1095 752; baseline -0.004 -20"><span class='ocrx_word' id='word_1_23' title='bbox 140 674 220 752; x_wconf 92' lang='lat' dir='ltr'><strong>quod</strong></span> <span class='ocrx_word' id='word_1_24' title='bbox 234 687 265 732; x_wconf 89' lang='lat' dir='ltr'><strong>et</strong></span> <span class='ocrx_word' id='word_1_25' title='bbox 278 673 350 752; x_wconf 89' lang='lat' dir='ltr'><strong>ipsis</strong></span> <span class='ocrx_word' id='word_1_26' title='bbox 360 684 507 731; x_wconf 87' lang='lat' dir='ltr'><strong>vetustate</strong></span> <span class='ocrx_word' id='word_1_27' title='bbox 522 670 634 728; x_wconf 85' lang='lat' dir='ltr'><strong>militiae</strong></span> <span class='ocrx_word' id='word_1_28' title='bbox 649 670 854 739; x_wconf 87' lang='lat' dir='ltr'><strong>exercitatum,</strong></span> <span class='ocrx_word' id='word_1_29' title='bbox 865 683 895 728; x_wconf 91' lang='lat' dir='ltr'><strong>et</strong></span> <span class='ocrx_word' id='word_1_30' title='bbox 907 671 1040 729; x_wconf 81' lang='lat' dir='ltr'><strong>hostibus</strong></span> <span class='ocrx_word' id='word_1_31' title='bbox 1052 673 1095 728; x_wconf 92' lang='lat' dir='ltr'><strong>in-</strong></span> 
     </span>
     <span class='ocr_line' id='line_1_6' title="bbox 139 765 1097 849; baseline -0.002 -22"><span class='ocrx_word' id='word_1_32' title='bbox 139 770 248 838; x_wconf 84' lang='lat' dir='ltr'><strong>habile,</strong></span> <span class='ocrx_word' id='word_1_33' title='bbox 266 790 358 849; x_wconf 89' lang='lat' dir='ltr'><strong>parva</strong></span> <span class='ocrx_word' id='word_1_34' title='bbox 375 781 459 826; x_wconf 91' lang='lat' dir='ltr'><strong>scuta</strong></span> <span class='ocrx_word' id='word_1_35' title='bbox 476 780 506 824; x_wconf 90' lang='lat' dir='ltr'><strong>et</strong></span> <span class='ocrx_word' id='word_1_36' title='bbox 526 786 664 825; x_wconf 81' lang='lat' dir='ltr'><strong>enormes</strong></span> <span class='ocrx_word' id='word_1_37' title='bbox 681 765 797 843; x_wconf 84' lang='lat' dir='ltr'><strong>gladios</strong></span> <span class='ocrx_word' id='word_1_38' title='bbox 815 767 1004 843; x_wconf 86' lang='lat' dir='ltr'><strong>gerentibus:</strong></span> <span class='ocrx_word' id='word_1_39' title='bbox 1026 789 1097 825; x_wconf 91' lang='lat' dir='ltr'><strong>nam</strong></span> 
     </span>
     <span class='ocr_line' id='line_1_7' title="bbox 140 862 1095 941; baseline -0.003 -18"><span class='ocrx_word' id='word_1_40' title='bbox 140 865 350 924; x_wconf 86' lang='lat' dir='ltr'><strong>Britannorum</strong></span> <span class='ocrx_word' id='word_1_41' title='bbox 368 862 459 941; x_wconf 88' lang='lat' dir='ltr'><strong>gladii</strong></span> <span class='ocrx_word' id='word_1_42' title='bbox 480 862 543 920; x_wconf 90' lang='lat' dir='ltr'><strong>sine</strong></span> <span class='ocrx_word' id='word_1_43' title='bbox 561 881 705 919; x_wconf 87' lang='lat' dir='ltr'><strong>mucrone</strong></span> <span class='ocrx_word' id='word_1_44' title='bbox 723 863 916 939; x_wconf 88' lang='lat' dir='ltr'><strong>complexum</strong></span> <span class='ocrx_word' id='word_1_45' title='bbox 935 883 1095 934; x_wconf 90' lang='lat' dir='ltr'><strong>armorum,</strong></span> 
     </span>
     <span class='ocr_line' id='line_1_8' title="bbox 143 956 1096 1037; baseline -0.002 -19"><span class='ocrx_word' id='word_1_46' title='bbox 143 960 217 1018; x_wconf 91' lang='lat' dir='ltr'><strong>etin</strong></span> <span class='ocrx_word' id='word_1_47' title='bbox 233 972 313 1017; x_wconf 86' lang='lat' dir='ltr'><strong>arcto</strong></span> <span class='ocrx_word' id='word_1_48' title='bbox 327 978 459 1037; x_wconf 89' lang='lat' dir='ltr'><strong>pugnam</strong></span> <span class='ocrx_word' id='word_1_49' title='bbox 469 977 528 1014; x_wconf 93' lang='lat' dir='ltr'><strong>non</strong></span> <span class='ocrx_word' id='word_1_50' title='bbox 539 957 711 1014; x_wconf 90' lang='lat' dir='ltr'><strong>tolerabant.</strong></span> <span class='ocrx_word' id='word_1_51' title='bbox 752 956 857 1034; x_wconf 88' lang='lat' dir='ltr'><strong>Igitur,</strong></span> <span class='ocrx_word' id='word_1_52' title='bbox 867 970 899 1014; x_wconf 89' lang='lat' dir='ltr'><strong>ut</strong></span> <span class='ocrx_word' id='word_1_53' title='bbox 911 958 1016 1016; x_wconf 85' lang='lat' dir='ltr'><strong>Batavi</strong></span> <span class='ocrx_word' id='word_1_54' title='bbox 1026 960 1096 1016; x_wconf 90' lang='lat' dir='ltr'><strong>mis·</strong></span> 
     </span>
     <span class='ocr_line' id='line_1_9' title="bbox 143 1050 1096 1131; baseline 0.002 -20"><span class='ocrx_word' id='word_1_55' title='bbox 143 1075 213 1113; x_wconf 87' lang='lat' dir='ltr'><strong>cere</strong></span> <span class='ocrx_word' id='word_1_56' title='bbox 227 1055 312 1122; x_wconf 92' lang='lat' dir='ltr'><strong>ictus,</strong></span> <span class='ocrx_word' id='word_1_57' title='bbox 327 1053 418 1111; x_wconf 89' lang='lat' dir='ltr'><strong>ferire</strong></span> <span class='ocrx_word' id='word_1_58' title='bbox 432 1051 618 1121; x_wconf 89' lang='lat' dir='ltr'><strong>umbonibus,</strong></span> <span class='ocrx_word' id='word_1_59' title='bbox 633 1070 686 1108; x_wconf 90' lang='lat' dir='ltr'><strong>ora</strong></span> <span class='ocrx_word' id='word_1_60' title='bbox 699 1050 823 1120; x_wconf 82' lang='lat' dir='ltr'><strong>foedare,</strong></span> <span class='ocrx_word' id='word_1_61' title='bbox 834 1065 864 1109; x_wconf 93' lang='lat' dir='ltr'><strong>et</strong></span> <span class='ocrx_word' id='word_1_62' title='bbox 881 1053 979 1110; x_wconf 87' lang='lat' dir='ltr'><strong>stratis</strong></span> <span class='ocrx_word' id='word_1_63' title='bbox 997 1054 1048 1131; x_wconf 91' lang='lat' dir='ltr'><strong>qui</strong></span> <span class='ocrx_word' id='word_1_64' title='bbox 1066 1056 1096 1113; x_wconf 92' lang='lat' dir='ltr'><strong>in</strong></span> 
     </span>
     <span class='ocr_line' id='line_1_10' title="bbox 141 1145 1095 1227; baseline 0 -19"><span class='ocrx_word' id='word_1_65' title='bbox 141 1170 228 1227; x_wconf 85' lang='lat' dir='ltr'><strong>aequo</strong></span> <span class='ocrx_word' id='word_1_66' title='bbox 242 1149 425 1218; x_wconf 87' lang='lat' dir='ltr'><strong>obstiterant,</strong></span> <span class='ocrx_word' id='word_1_67' title='bbox 440 1147 557 1224; x_wconf 91' lang='lat' dir='ltr'><strong>erigere</strong></span> <span class='ocrx_word' id='word_1_68' title='bbox 577 1145 608 1203; x_wconf 94' lang='lat' dir='ltr'><strong>in</strong></span> <span class='ocrx_word' id='word_1_69' title='bbox 626 1147 714 1204; x_wconf 88' lang='lat' dir='ltr'><strong>colles</strong></span> <span class='ocrx_word' id='word_1_70' title='bbox 732 1147 826 1204; x_wconf 83' lang='lat' dir='ltr'><strong>aciem</strong></span> <span class='ocrx_word' id='word_1_71' title='bbox 844 1168 973 1226; x_wconf 87' lang='lat' dir='ltr'><strong>coepere,</strong></span> <span class='ocrx_word' id='word_1_72' title='bbox 988 1162 1095 1209; x_wconf 85' lang='lat' dir='ltr'><strong>ceterae</strong></span> 
     </span>
     <span class='ocr_line' id='line_1_11' title="bbox 142 1241 1094 1320; baseline 0 -18"><span class='ocrx_word' id='word_1_73' title='bbox 142 1245 288 1314; x_wconf 90' lang='lat' dir='ltr'><strong>cohortes,</strong></span> <span class='ocrx_word' id='word_1_74' title='bbox 296 1242 484 1302; x_wconf 87' lang='lat' dir='ltr'><strong>aemulatione</strong></span> <span class='ocrx_word' id='word_1_75' title='bbox 495 1255 526 1299; x_wconf 90' lang='lat' dir='ltr'><strong>et</strong></span> <span class='ocrx_word' id='word_1_76' title='bbox 534 1242 648 1320; x_wconf 89' lang='lat' dir='ltr'><strong>impetu</strong></span> <span class='ocrx_word' id='word_1_77' title='bbox 659 1241 836 1311; x_wconf 85' lang='lat' dir='ltr'><strong>commixtae,</strong></span> <span class='ocrx_word' id='word_1_78' title='bbox 846 1243 999 1320; x_wconf 86' lang='lat' dir='ltr'><strong>proximos</strong></span> <span class='ocrx_word' id='word_1_79' title='bbox 1008 1265 1094 1320; x_wconf 92' lang='lat' dir='ltr'><strong>quos·</strong></span> 
     </span>
     <span class='ocr_line' id='line_1_12' title="bbox 58 1337 1095 1423; baseline -0.001 -24"><span class='ocrx_word' id='word_1_80' title='bbox 58 1408 68 1423; x_wconf 35' lang='grc' dir='ltr'>ι</span> <span class='ocrx_word' id='word_1_81' title='bbox 140 1360 200 1418; x_wconf 89' lang='lat' dir='ltr'><strong>que</strong></span> <span class='ocrx_word' id='word_1_82' title='bbox 209 1339 340 1399; x_wconf 78' lang='lat' dir='ltr'><strong>caedere:</strong></span> <span class='ocrx_word' id='word_1_83' title='bbox 356 1359 390 1397; x_wconf 90' lang='lat' dir='ltr'><strong>ac</strong></span> <span class='ocrx_word' id='word_1_84' title='bbox 401 1338 537 1416; x_wconf 86' lang='lat' dir='ltr'><strong>plerique</strong></span> <span class='ocrx_word' id='word_1_85' title='bbox 549 1337 715 1395; x_wconf 88' lang='lat' dir='ltr'><strong>semineces</strong></span> <span class='ocrx_word' id='word_1_86' title='bbox 727 1350 778 1395; x_wconf 88' lang='lat' dir='ltr'><strong>aut</strong></span> <span class='ocrx_word' id='word_1_87' title='bbox 788 1337 896 1415; x_wconf 89' lang='lat' dir='ltr'><strong>integri</strong></span> <span class='ocrx_word' id='word_1_88' title='bbox 906 1338 1095 1398; x_wconf 88' lang='lat' dir='ltr'><strong>festinatione</strong></span> 
     </span>
     <span class='ocr_line' id='line_1_13' title="bbox 141 1432 1095 1513; baseline -0.002 -18"><span class='ocrx_word' id='word_1_89' title='bbox 141 1436 273 1496; x_wconf 81' lang='lat' dir='ltr'><strong>victoriae</strong></span> <span class='ocrx_word' id='word_1_90' title='bbox 284 1435 534 1511; x_wconf 88' lang='lat' dir='ltr'><strong>relinquebantur.</strong></span> <span class='ocrx_word' id='word_1_91' title='bbox 576 1432 700 1489; x_wconf 90' lang='lat' dir='ltr'><strong>Interim</strong></span> <span class='ocrx_word' id='word_1_92' title='bbox 714 1433 847 1509; x_wconf 89' lang='lat' dir='ltr'><strong>equitum</strong></span> <span class='ocrx_word' id='word_1_93' title='bbox 861 1445 965 1492; x_wconf 85' lang='lat' dir='ltr'><strong>turmae</strong></span> <span class='ocrx_word' id='word_1_94' title='bbox 980 1434 1095 1513; x_wconf 86' lang='lat' dir='ltr'><strong>fugere,</strong></span> 
     </span>
     <span class='ocr_line' id='line_1_14' title="bbox 109 1527 1094 1608; baseline 0.001 -19"><span class='ocrx_word' id='word_1_95' title='bbox 109 1599 115 1607; x_wconf 57' lang='lat'><strong>.,</strong></span> <span class='ocrx_word' id='word_1_96' title='bbox 141 1531 283 1590; x_wconf 85' lang='lat' dir='ltr'><strong>covinarii</strong></span> <span class='ocrx_word' id='word_1_97' title='bbox 297 1529 434 1608; x_wconf 89' lang='lat' dir='ltr'><strong>pediturn</strong></span> <span class='ocrx_word' id='word_1_98' title='bbox 447 1549 479 1586; x_wconf 91' lang='lat' dir='ltr'><strong>se</strong></span> <span class='ocrx_word' id='word_1_99' title='bbox 493 1527 600 1606; x_wconf 87' lang='lat' dir='ltr'><strong>proelio</strong></span> <span class='ocrx_word' id='word_1_100' title='bbox 614 1528 779 1589; x_wconf 88' lang='lat' dir='ltr'><strong>miscuere:</strong></span> <span class='ocrx_word' id='word_1_101' title='bbox 801 1542 840 1599; x_wconf 91' lang='lat' dir='ltr'><strong>et,</strong></span> <span class='ocrx_word' id='word_1_102' title='bbox 854 1551 1035 1608; x_wconf 89' lang='lat' dir='ltr'><strong>quamquam</strong></span> <span class='ocrx_word' id='word_1_103' title='bbox 1049 1553 1094 1590; x_wconf 92' lang='lat' dir='ltr'><strong>re·</strong></span> 
     </span>
     <span class='ocr_line' id='line_1_15' title="bbox 112 1624 1095 1704; baseline 0 -20"><span class='ocrx_word' id='word_1_104' title='bbox 112 1679 121 1698; x_wconf 72' lang='grc'><strong>,</strong></span> <span class='ocrx_word' id='word_1_105' title='bbox 139 1639 258 1684; x_wconf 90' lang='lat' dir='ltr'><strong>centem</strong></span> <span class='ocrx_word' id='word_1_106' title='bbox 271 1638 418 1684; x_wconf 88' lang='lat' dir='ltr'><strong>terrorem</strong></span> <span class='ocrx_word' id='word_1_107' title='bbox 429 1625 597 1694; x_wconf 88' lang='lat' dir='ltr'><strong>intulerant,</strong></span> <span class='ocrx_word' id='word_1_108' title='bbox 607 1624 707 1683; x_wconf 91' lang='lat' dir='ltr'><strong>densis</strong></span> <span class='ocrx_word' id='word_1_109' title='bbox 722 1637 821 1682; x_wconf 89' lang='lat' dir='ltr'><strong>tamen</strong></span> <span class='ocrx_word' id='word_1_110' title='bbox 831 1625 961 1682; x_wconf 89' lang='lat' dir='ltr'><strong>hostiurn</strong></span> <span class='ocrx_word' id='word_1_111' title='bbox 973 1628 1095 1704; x_wconf 88' lang='lat' dir='ltr'><strong>agmini-</strong></span> 
     </span>
     <span class='ocr_line' id='line_1_16' title="bbox 138 1720 1096 1806; baseline 0.002 -26"><span class='ocrx_word' id='word_1_112' title='bbox 138 1722 195 1780; x_wconf 92' lang='lat' dir='ltr'><strong>bus</strong></span> <span class='ocrx_word' id='word_1_113' title='bbox 213 1735 243 1780; x_wconf 91' lang='lat' dir='ltr'><strong>et</strong></span> <span class='ocrx_word' id='word_1_114' title='bbox 259 1721 454 1798; x_wconf 85' lang='lat' dir='ltr'><strong>inaequalibus</strong></span> <span class='ocrx_word' id='word_1_115' title='bbox 471 1720 545 1778; x_wconf 91' lang='lat' dir='ltr'><strong>locis</strong></span> <span class='ocrx_word' id='word_1_116' title='bbox 561 1721 733 1791; x_wconf 81' lang='lat' dir='ltr'><strong>haerebant3</strong></span> <span class='ocrx_word' id='word_1_117' title='bbox 755 1720 936 1798; x_wconf 89' lang='lat' dir='ltr'><strong>minimeque</strong></span> <span class='ocrx_word' id='word_1_118' title='bbox 951 1724 1096 1806; x_wconf 88' lang='lat' dir='ltr'><strong>equestris</strong></span> 
     </span>
     <span class='ocr_line' id='line_1_17' title="bbox 141 1815 1096 1896; baseline 0.002 -21"><span class='ocrx_word' id='word_1_119' title='bbox 141 1836 180 1875; x_wconf 85' lang='lat' dir='ltr'><strong>ea</strong></span> <span class='ocrx_word' id='word_1_120' title='bbox 194 1836 303 1896; x_wconf 87' lang='lat' dir='ltr'><strong>pugnae</strong></span> <span class='ocrx_word' id='word_1_121' title='bbox 316 1815 409 1874; x_wconf 86' lang='lat' dir='ltr'><strong>facies</strong></span> <span class='ocrx_word' id='word_1_122' title='bbox 424 1828 496 1886; x_wconf 90' lang='lat' dir='ltr'><strong>erat,</strong></span> <span class='ocrx_word' id='word_1_123' title='bbox 511 1836 582 1887; x_wconf 83' lang='lat' dir='ltr'><strong>cum</strong></span> <span class='ocrx_word' id='word_1_124' title='bbox 596 1836 678 1893; x_wconf 86' lang='lat' dir='ltr'><strong>aegre</strong></span> <span class='ocrx_word' id='word_1_125' title='bbox 695 1815 748 1873; x_wconf 89' lang='lat' dir='ltr'><strong>diu</strong></span> <span class='ocrx_word' id='word_1_126' title='bbox 765 1828 884 1887; x_wconf 86' lang='lat' dir='ltr'><strong>stantes,</strong></span> <span class='ocrx_word' id='word_1_127' title='bbox 900 1818 991 1875; x_wconf 90' lang='lat' dir='ltr'><strong>simul</strong></span> <span class='ocrx_word' id='word_1_128' title='bbox 1005 1839 1096 1896; x_wconf 91' lang='lat' dir='ltr'><strong>equo·</strong></span> 
     </span>
     <span class='ocr_line' id='line_1_18' title="bbox 138 1907 1095 1990; baseline 0 -20"><span class='ocrx_word' id='word_1_129' title='bbox 138 1907 205 1970; x_wconf 87' lang='lat' dir='ltr'><strong>riun</strong></span> <span class='ocrx_word' id='word_1_130' title='bbox 219 1911 392 1990; x_wconf 89' lang='lat' dir='ltr'><strong>corporibus</strong></span> <span class='ocrx_word' id='word_1_131' title='bbox 403 1911 637 1990; x_wconf 88' lang='lat' dir='ltr'><strong>impellerentur,</strong></span> <span class='ocrx_word' id='word_1_132' title='bbox 649 1931 683 1969; x_wconf 86' lang='lat' dir='ltr'><strong>ac</strong></span> <span class='ocrx_word' id='word_1_133' title='bbox 698 1932 780 1990; x_wconf 87' lang='lat' dir='ltr'><strong>saepe</strong></span> <span class='ocrx_word' id='word_1_134' title='bbox 793 1912 862 1988; x_wconf 87' lang='lat' dir='ltr'><strong>vagi</strong></span> <span class='ocrx_word' id='word_1_135' title='bbox 876 1932 988 1981; x_wconf 86' lang='lat' dir='ltr'><strong>currus,</strong></span> <span class='ocrx_word' id='word_1_136' title='bbox 998 1927 1095 1972; x_wconf 86' lang='lat' dir='ltr'><strong>exter-</strong></span> 
     </span>
     <span class='ocr_line' id='line_1_19' title="bbox 138 2006 1095 2084; baseline 0.001 -20"><span class='ocrx_word' id='word_1_137' title='bbox 138 2006 190 2065; x_wconf 89' lang='lat' dir='ltr'><strong>riti</strong></span> <span class='ocrx_word' id='word_1_138' title='bbox 214 2007 278 2065; x_wconf 89' lang='lat' dir='ltr'><strong>sino</strong></span> <span class='ocrx_word' id='word_1_139' title='bbox 302 2007 468 2065; x_wconf 89' lang='lat' dir='ltr'><strong>rectoribus</strong></span> <span class='ocrx_word' id='word_1_140' title='bbox 493 2007 571 2084; x_wconf 92' lang='lat' dir='ltr'><strong>equi,</strong></span> <span class='ocrx_word' id='word_1_141' title='bbox 596 2019 628 2064; x_wconf 92' lang='lat' dir='ltr'><strong>ut</strong></span> <span class='ocrx_word' id='word_1_142' title='bbox 651 2026 801 2084; x_wconf 89' lang='lat' dir='ltr'><strong>quemque</strong></span> <span class='ocrx_word' id='word_1_143' title='bbox 827 2006 954 2064; x_wconf 87' lang='lat' dir='ltr'><strong>formido</strong></span> <span class='ocrx_word' id='word_1_144' title='bbox 977 2009 1095 2076; x_wconf 83' lang='lat' dir='ltr'><strong>tulerat,</strong></span> 
     </span>
     <span class='ocr_line' id='line_1_20' title="bbox 138 2101 714 2161; baseline -0.003 1"><span class='ocrx_word' id='word_1_145' title='bbox 138 2113 323 2161; x_wconf 84' lang='lat' dir='ltr'><strong>transversos</strong></span> <span class='ocrx_word' id='word_1_146' title='bbox 338 2114 388 2160; x_wconf 90' lang='lat' dir='ltr'><strong>aut</strong></span> <span class='ocrx_word' id='word_1_147' title='bbox 401 2101 504 2160; x_wconf 88' lang='lat' dir='ltr'><strong>obvios</strong></span> <span class='ocrx_word' id='word_1_148' title='bbox 517 2103 714 2160; x_wconf 86' lang='lat' dir='ltr'><strong>incursabant.</strong></span> 
     </span>
    </p>

    <p class='ocr_par' dir='ltr' id='par_1_3' title="bbox 79 2196 1097 3801">
     <span class='ocr_line' id='line_1_21' title="bbox 178 2196 1096 2277; baseline -0.001 -20"><span class='ocrx_word' id='word_1_149' title='bbox 178 2198 348 2257; x_wconf 88' lang='lat' dir='ltr'>XXXVII.</span> <span class='ocrx_word' id='word_1_150' title='bbox 379 2198 422 2256; x_wconf 86' lang='lat' dir='ltr'><strong>Et</strong></span> <span class='ocrx_word' id='word_1_151' title='bbox 445 2197 592 2267; x_wconf 91' lang='lat' dir='ltr'><strong>Britanni,</strong></span> <span class='ocrx_word' id='word_1_152' title='bbox 617 2197 668 2274; x_wconf 93' lang='lat' dir='ltr'><strong>qui</strong></span> <span class='ocrx_word' id='word_1_153' title='bbox 697 2196 793 2255; x_wconf 89' lang='lat' dir='ltr'><strong>adhuc</strong></span> <span class='ocrx_word' id='word_1_154' title='bbox 820 2218 929 2275; x_wconf 88' lang='lat' dir='ltr'><strong>pugnae</strong></span> <span class='ocrx_word' id='word_1_155' title='bbox 958 2212 1096 2277; x_wconf 88' lang='lat' dir='ltr'><strong>expertes</strong></span> 
     </span>
     <span class='ocr_line' id='line_1_22' title="bbox 138 2291 1094 2370; baseline -0.001 -19"><span class='ocrx_word' id='word_1_156' title='bbox 138 2312 257 2352; x_wconf 90' lang='lat' dir='ltr'><strong>summa</strong></span> <span class='ocrx_word' id='word_1_157' title='bbox 270 2292 393 2351; x_wconf 90' lang='lat' dir='ltr'><strong>collium</strong></span> <span class='ocrx_word' id='word_1_158' title='bbox 404 2291 584 2362; x_wconf 88' lang='lat' dir='ltr'><strong>insederant,</strong></span> <span class='ocrx_word' id='word_1_159' title='bbox 595 2304 626 2350; x_wconf 90' lang='lat' dir='ltr'><strong>et</strong></span> <span class='ocrx_word' id='word_1_160' title='bbox 635 2291 816 2370; x_wconf 87' lang='lat' dir='ltr'><strong>paucitatem</strong></span> <span class='ocrx_word' id='word_1_161' title='bbox 829 2305 998 2351; x_wconf 89' lang='lat' dir='ltr'><strong>nostrorum</strong></span> <span class='ocrx_word' id='word_1_162' title='bbox 1008 2294 1094 2351; x_wconf 86' lang='lat' dir='ltr'><strong>vacui</strong></span> 
     </span>
     <span class='ocr_line' id='line_1_23' title="bbox 138 2386 1095 2465; baseline 0.002 -20"><span class='ocrx_word' id='word_1_163' title='bbox 138 2387 329 2464; x_wconf 88' lang='lat' dir='ltr'><strong>spernebant,</strong></span> <span class='ocrx_word' id='word_1_164' title='bbox 343 2387 471 2465; x_wconf 90' lang='lat' dir='ltr'><strong>degredi</strong></span> <span class='ocrx_word' id='word_1_165' title='bbox 489 2386 632 2464; x_wconf 88' lang='lat' dir='ltr'><strong>paulatim</strong></span> <span class='ocrx_word' id='word_1_166' title='bbox 654 2399 684 2444; x_wconf 91' lang='lat' dir='ltr'><strong>et</strong></span> <span class='ocrx_word' id='word_1_167' title='bbox 705 2387 862 2445; x_wconf 88' lang='lat' dir='ltr'><strong>circumire</strong></span> <span class='ocrx_word' id='word_1_168' title='bbox 881 2400 964 2465; x_wconf 87' lang='lat' dir='ltr'><strong>terga</strong></span> <span class='ocrx_word' id='word_1_169' title='bbox 977 2388 1095 2447; x_wconf 87' lang='lat' dir='ltr'><strong>vincen-</strong></span> 
     </span>
     <span class='ocr_line' id='line_1_24' title="bbox 138 2480 1097 2561; baseline 0.002 -22"><span class='ocrx_word' id='word_1_170' title='bbox 138 2480 215 2539; x_wconf 91' lang='lat' dir='ltr'><strong>tium</strong></span> <span class='ocrx_word' id='word_1_171' title='bbox 237 2496 407 2561; x_wconf 82' lang='lat' dir='ltr'><strong>coeperant3</strong></span> <span class='ocrx_word' id='word_1_172' title='bbox 433 2481 466 2539; x_wconf 92' lang='lat' dir='ltr'><strong>ni</strong></span> <span class='ocrx_word' id='word_1_173' title='bbox 485 2482 518 2539; x_wconf 88' lang='lat' dir='ltr'><strong>id</strong></span> <span class='ocrx_word' id='word_1_174' title='bbox 538 2482 635 2560; x_wconf 90' lang='lat' dir='ltr'><strong>ipsum</strong></span> <span class='ocrx_word' id='word_1_175' title='bbox 655 2482 770 2541; x_wconf 87' lang='lat' dir='ltr'><strong>veritus</strong></span> <span class='ocrx_word' id='word_1_176' title='bbox 790 2483 935 2560; x_wconf 83' lang='lat' dir='ltr'><strong>Agricola</strong></span> <span class='ocrx_word' id='word_1_177' title='bbox 957 2496 1097 2560; x_wconf 89' lang='lat' dir='ltr'><strong>quattuor</strong></span> 
     </span>
     <span class='ocr_line' id='line_1_25' title="bbox 139 2576 1095 2656; baseline 0.001 -21"><span class='ocrx_word' id='word_1_178' title='bbox 139 2576 276 2654; x_wconf 91' lang='lat' dir='ltr'><strong>equitum</strong></span> <span class='ocrx_word' id='word_1_179' title='bbox 291 2578 363 2646; x_wconf 90' lang='lat' dir='ltr'><strong>alas,</strong></span> <span class='ocrx_word' id='word_1_180' title='bbox 378 2578 417 2634; x_wconf 88' lang='lat' dir='ltr'><strong>ad</strong></span> <span class='ocrx_word' id='word_1_181' title='bbox 430 2577 528 2635; x_wconf 88' lang='lat' dir='ltr'><strong>subita</strong></span> <span class='ocrx_word' id='word_1_182' title='bbox 536 2578 608 2635; x_wconf 88' lang='lat' dir='ltr'><strong>belli</strong></span> <span class='ocrx_word' id='word_1_183' title='bbox 621 2589 758 2646; x_wconf 88' lang='lat' dir='ltr'><strong>retentas,</strong></span> <span class='ocrx_word' id='word_1_184' title='bbox 767 2578 951 2636; x_wconf 88' lang='lat' dir='ltr'><strong>venientibus</strong></span> <span class='ocrx_word' id='word_1_185' title='bbox 965 2598 1095 2656; x_wconf 91' lang='lat' dir='ltr'><strong>opposu-</strong></span> 
     </span>
     <span class='ocr_line' id='line_1_26' title="bbox 139 2671 1095 2751; baseline 0.001 -20"><span class='ocrx_word' id='word_1_186' title='bbox 139 2672 220 2741; x_wconf 91' lang='lat' dir='ltr'><strong>isset,</strong></span> <span class='ocrx_word' id='word_1_187' title='bbox 235 2683 407 2749; x_wconf 88' lang='lat' dir='ltr'><strong>quantoque</strong></span> <span class='ocrx_word' id='word_1_188' title='bbox 425 2671 554 2729; x_wconf 89' lang='lat' dir='ltr'><strong>ferocius</strong></span> <span class='ocrx_word' id='word_1_189' title='bbox 572 2686 769 2743; x_wconf 89' lang='lat' dir='ltr'><strong>accurrerant,</strong></span> <span class='ocrx_word' id='word_1_190' title='bbox 783 2686 864 2731; x_wconf 91' lang='lat' dir='ltr'><strong>tanto</strong></span> <span class='ocrx_word' id='word_1_191' title='bbox 881 2672 977 2731; x_wconf 89' lang='lat' dir='ltr'><strong>acrius</strong></span> <span class='ocrx_word' id='word_1_192' title='bbox 991 2675 1095 2751; x_wconf 92' lang='lat' dir='ltr'><strong>pulsos</strong></span> 
     </span>
     <span class='ocr_line' id='line_1_27' title="bbox 138 2765 1095 2846; baseline 0.003 -23"><span class='ocrx_word' id='word_1_193' title='bbox 138 2766 170 2823; x_wconf 92' lang='lat' dir='ltr'><strong>in</strong></span> <span class='ocrx_word' id='word_1_194' title='bbox 183 2766 285 2844; x_wconf 86' lang='lat' dir='ltr'><strong>fugam</strong></span> <span class='ocrx_word' id='word_1_195' title='bbox 299 2765 473 2844; x_wconf 91' lang='lat' dir='ltr'><strong>disjecisset.</strong></span> <span class='ocrx_word' id='word_1_196' title='bbox 514 2766 561 2825; x_wconf 87' lang='lat' dir='ltr'><strong>Ita</strong></span> <span class='ocrx_word' id='word_1_197' title='bbox 577 2768 733 2826; x_wconf 90' lang='lat' dir='ltr'><strong>consilium</strong></span> <span class='ocrx_word' id='word_1_198' title='bbox 746 2768 955 2826; x_wconf 86' lang='lat' dir='ltr'><strong>Britannorum</strong></span> <span class='ocrx_word' id='word_1_199' title='bbox 969 2768 999 2825; x_wconf 93' lang='lat' dir='ltr'><strong>in</strong></span> <span class='ocrx_word' id='word_1_200' title='bbox 1014 2769 1095 2846; x_wconf 92' lang='lat' dir='ltr'><strong>ipsos</strong></span> 
     </span>
     <span class='ocr_line' id='line_1_28' title="bbox 138 2863 1095 2942; baseline -0.001 -21"><span class='ocrx_word' id='word_1_201' title='bbox 138 2882 274 2933; x_wconf 82' lang='lat' dir='ltr'><strong>versum3</strong></span> <span class='ocrx_word' id='word_1_202' title='bbox 296 2875 531 2940; x_wconf 86' lang='lat' dir='ltr'><strong>transvectaeque</strong></span> <span class='ocrx_word' id='word_1_203' title='bbox 548 2876 699 2941; x_wconf 88' lang='lat' dir='ltr'><strong>praecepto</strong></span> <span class='ocrx_word' id='word_1_204' title='bbox 716 2863 801 2922; x_wconf 92' lang='lat' dir='ltr'><strong>ducis</strong></span> <span class='ocrx_word' id='word_1_205' title='bbox 818 2885 836 2922; x_wconf 89' lang='lat' dir='ltr'><strong>a</strong></span> <span class='ocrx_word' id='word_1_206' title='bbox 851 2864 947 2922; x_wconf 86' lang='lat' dir='ltr'><strong>fronte</strong></span> <span class='ocrx_word' id='word_1_207' title='bbox 962 2883 1095 2942; x_wconf 88' lang='lat' dir='ltr'><strong>pugnan-</strong></span> 
     </span>
     <span class='ocr_line' id='line_1_29' title="bbox 139 2958 1096 3028; baseline -0.001 -11"><span class='ocrx_word' id='word_1_208' title='bbox 139 2958 214 3017; x_wconf 88' lang='lat' dir='ltr'><strong>tium</strong></span> <span class='ocrx_word' id='word_1_209' title='bbox 236 2959 299 3028; x_wconf 88' lang='lat' dir='ltr'><strong>alae,</strong></span> <span class='ocrx_word' id='word_1_210' title='bbox 318 2978 453 3016; x_wconf 85' lang='lat' dir='ltr'><strong>aversam</strong></span> <span class='ocrx_word' id='word_1_211' title='bbox 470 2958 601 3016; x_wconf 90' lang='lat' dir='ltr'><strong>hostium</strong></span> <span class='ocrx_word' id='word_1_212' title='bbox 622 2960 717 3017; x_wconf 87' lang='lat' dir='ltr'><strong>aciem</strong></span> <span class='ocrx_word' id='word_1_213' title='bbox 737 2959 882 3017; x_wconf 87' lang='lat' dir='ltr'><strong>invasere.</strong></span> <span class='ocrx_word' id='word_1_214' title='bbox 924 2960 1006 3018; x_wconf 90' lang='lat' dir='ltr'><strong>Tum</strong></span> <span class='ocrx_word' id='word_1_215' title='bbox 1022 2979 1096 3016; x_wconf 91' lang='lat' dir='ltr'><strong>vero</strong></span> 
     </span>
     <span class='ocr_line' id='line_1_30' title="bbox 79 3053 1095 3134; baseline 0.002 -23"><span class='ocrx_word' id='word_1_216' title='bbox 79 3090 88 3111; x_wconf 56' lang='grc' dir='ltr'><em>ι</em></span> <span class='ocrx_word' id='word_1_217' title='bbox 138 3056 311 3134; x_wconf 89' lang='lat' dir='ltr'><strong>patentibus</strong></span> <span class='ocrx_word' id='word_1_218' title='bbox 324 3055 397 3113; x_wconf 87' lang='lat' dir='ltr'><strong>locis</strong></span> <span class='ocrx_word' id='word_1_219' title='bbox 411 3053 523 3133; x_wconf 88' lang='lat' dir='ltr'><strong>grande</strong></span> <span class='ocrx_word' id='word_1_220' title='bbox 537 3067 567 3112; x_wconf 90' lang='lat' dir='ltr'><strong>et</strong></span> <span class='ocrx_word' id='word_1_221' title='bbox 582 3067 666 3112; x_wconf 89' lang='lat' dir='ltr'><strong>atrox</strong></span> <span class='ocrx_word' id='word_1_222' title='bbox 680 3055 902 3132; x_wconf 88' lang='lat' dir='ltr'><strong>spectaculum:</strong></span> <span class='ocrx_word' id='word_1_223' title='bbox 924 3056 1019 3132; x_wconf 83' lang='lat' dir='ltr'><strong>sequi,</strong></span> <span class='ocrx_word' id='word_1_224' title='bbox 1033 3057 1095 3113; x_wconf 88' lang='lat' dir='ltr'><strong>vul·</strong></span> 
     </span>
     <span class='ocr_line' id='line_1_31' title="bbox 138 3147 1095 3230; baseline 0.001 -22"><span class='ocrx_word' id='word_1_225' title='bbox 138 3170 256 3222; x_wconf 76' lang='lat' dir='ltr'><strong>narare,</strong></span> <span class='ocrx_word' id='word_1_226' title='bbox 280 3171 398 3230; x_wconf 87' lang='lat' dir='ltr'><strong>capere,</strong></span> <span class='ocrx_word' id='word_1_227' title='bbox 426 3163 515 3228; x_wconf 89' lang='lat' dir='ltr'><strong>atque</strong></span> <span class='ocrx_word' id='word_1_228' title='bbox 545 3148 676 3219; x_wconf 90' lang='lat' dir='ltr'><strong>eosdem,</strong></span> <span class='ocrx_word' id='word_1_229' title='bbox 701 3147 806 3207; x_wconf 87' lang='lat' dir='ltr'><strong>oblatis</strong></span> <span class='ocrx_word' id='word_1_230' title='bbox 837 3148 912 3218; x_wconf 88' lang='lat' dir='ltr'><strong>aliis,</strong></span> <span class='ocrx_word' id='word_1_231' title='bbox 937 3150 1095 3209; x_wconf 87' lang='lat' dir='ltr'><strong>trucidare.</strong></span> 
     </span>
     <span class='ocr_line' id='line_1_32' title="bbox 139 3243 1096 3327; baseline 0 -23"><span class='ocrx_word' id='word_1_232' title='bbox 139 3246 161 3304; x_wconf 93' lang='lat' dir='ltr'><strong>J</strong></span> <span class='ocrx_word' id='word_1_233' title='bbox 163 3268 213 3305; x_wconf 92' lang='lat' dir='ltr'><strong>am</strong></span> <span class='ocrx_word' id='word_1_234' title='bbox 226 3247 464 3327; x_wconf 80' lang='lat' dir='ltr'><strong>hostium,prout</strong></span> <span class='ocrx_word' id='word_1_235' title='bbox 479 3245 587 3321; x_wconf 87' lang='lat' dir='ltr'><strong>cuique</strong></span> <span class='ocrx_word' id='word_1_236' title='bbox 600 3243 755 3321; x_wconf 86' lang='lat' dir='ltr'><strong>ingenium</strong></span> <span class='ocrx_word' id='word_1_237' title='bbox 769 3257 844 3315; x_wconf 89' lang='lat' dir='ltr'><strong>erat,</strong></span> <span class='ocrx_word' id='word_1_238' title='bbox 860 3257 987 3304; x_wconf 73' lang='lat' dir='ltr'><strong>cateruae</strong></span> <span class='ocrx_word' id='word_1_239' title='bbox 1002 3265 1096 3304; x_wconf 85' lang='lat' dir='ltr'><strong>arma·</strong></span> 
     </span>
     <span class='ocr_line' id='line_1_33' title="bbox 139 3339 1096 3420; baseline 0.001 -21"><span class='ocrx_word' id='word_1_240' title='bbox 139 3353 238 3399; x_wconf 88' lang='lat' dir='ltr'><strong>torum</strong></span> <span class='ocrx_word' id='word_1_241' title='bbox 255 3342 449 3420; x_wconf 89' lang='lat' dir='ltr'><strong>paucioribus</strong></span> <span class='ocrx_word' id='word_1_242' title='bbox 466 3353 551 3418; x_wconf 89' lang='lat' dir='ltr'><strong>terga</strong></span> <span class='ocrx_word' id='word_1_243' title='bbox 567 3352 719 3418; x_wconf 85' lang='lat' dir='ltr'><strong>praestare,</strong></span> <span class='ocrx_word' id='word_1_244' title='bbox 734 3339 855 3416; x_wconf 90' lang='lat' dir='ltr'><strong>quidam</strong></span> <span class='ocrx_word' id='word_1_245' title='bbox 870 3340 1001 3400; x_wconf 87' lang='lat' dir='ltr'><strong>inermes</strong></span> <span class='ocrx_word' id='word_1_246' title='bbox 1018 3343 1096 3400; x_wconf 92' lang='lat' dir='ltr'><strong>ultro</strong></span> 
     </span>
     <span class='ocr_line' id='line_1_34' title="bbox 139 3433 1097 3515; baseline 0.002 -22"><span class='ocrx_word' id='word_1_247' title='bbox 139 3456 235 3504; x_wconf 89' lang='lat' dir='ltr'><strong>ruere,</strong></span> <span class='ocrx_word' id='word_1_248' title='bbox 254 3456 289 3494; x_wconf 89' lang='lat' dir='ltr'><strong>ac</strong></span> <span class='ocrx_word' id='word_1_249' title='bbox 306 3455 337 3494; x_wconf 91' lang='lat' dir='ltr'><strong>se</strong></span> <span class='ocrx_word' id='word_1_250' title='bbox 355 3436 440 3493; x_wconf 89' lang='lat' dir='ltr'><strong>morti</strong></span> <span class='ocrx_word' id='word_1_251' title='bbox 459 3435 574 3494; x_wconf 87' lang='lat' dir='ltr'><strong>offerre.</strong></span> <span class='ocrx_word' id='word_1_252' title='bbox 625 3433 743 3492; x_wconf 90' lang='lat' dir='ltr'><strong>Passim</strong></span> <span class='ocrx_word' id='word_1_253' title='bbox 764 3455 847 3492; x_wconf 89' lang='lat' dir='ltr'><strong>arma</strong></span> <span class='ocrx_word' id='word_1_254' title='bbox 866 3448 898 3494; x_wconf 88' lang='lat' dir='ltr'><strong>et</strong></span> <span class='ocrx_word' id='word_1_255' title='bbox 918 3457 1045 3515; x_wconf 90' lang='lat' dir='ltr'><strong>corpora</strong></span> <span class='ocrx_word' id='word_1_256' title='bbox 1065 3449 1097 3495; x_wconf 88' lang='lat' dir='ltr'><strong>et</strong></span> 
     </span>
     <span class='ocr_line' id='line_1_35' title="bbox 139 3528 1095 3611; baseline 0.004 -26"><span class='ocrx_word' id='word_1_257' title='bbox 139 3530 231 3588; x_wconf 88' lang='lat' dir='ltr'><strong>laceri</strong></span> <span class='ocrx_word' id='word_1_258' title='bbox 246 3544 324 3588; x_wconf 88' lang='lat' dir='ltr'><strong>artus</strong></span> <span class='ocrx_word' id='word_1_259' title='bbox 339 3543 369 3588; x_wconf 91' lang='lat' dir='ltr'><strong>et</strong></span> <span class='ocrx_word' id='word_1_260' title='bbox 382 3544 504 3589; x_wconf 90' lang='lat' dir='ltr'><strong>cruenta</strong></span> <span class='ocrx_word' id='word_1_261' title='bbox 513 3531 630 3611; x_wconf 69' lang='lat' dir='ltr'><strong>humus.</strong></span> <span class='ocrx_word' id='word_1_262' title='bbox 671 3528 729 3586; x_wconf 86' lang='lat' dir='ltr'><strong>Est</strong></span> <span class='ocrx_word' id='word_1_263' title='bbox 739 3528 899 3607; x_wconf 87' lang='lat' dir='ltr'><strong>aliquando</strong></span> <span class='ocrx_word' id='word_1_264' title='bbox 911 3532 1003 3590; x_wconf 90' lang='lat' dir='ltr'><strong>etiam</strong></span> <span class='ocrx_word' id='word_1_265' title='bbox 1010 3532 1095 3590; x_wconf 84' lang='lat' dir='ltr'><strong>victis</strong></span> 
     </span>
     <span class='ocr_line' id='line_1_36' title="bbox 139 3622 1094 3704; baseline 0.003 -22"><span class='ocrx_word' id='word_1_266' title='bbox 139 3624 184 3683; x_wconf 88' lang='lat' dir='ltr'><strong>ira</strong></span> <span class='ocrx_word' id='word_1_267' title='bbox 199 3625 369 3702; x_wconf 90' lang='lat' dir='ltr'><strong>virtusque:</strong></span> <span class='ocrx_word' id='word_1_268' title='bbox 396 3639 554 3704; x_wconf 90' lang='lat' dir='ltr'><strong>postquam</strong></span> <span class='ocrx_word' id='word_1_269' title='bbox 574 3622 655 3683; x_wconf 88' lang='lat' dir='ltr'><strong>silvis</strong></span> <span class='ocrx_word' id='word_1_270' title='bbox 673 3625 960 3704; x_wconf 88' lang='lat' dir='ltr'><strong>appropinquarunt,</strong></span> <span class='ocrx_word' id='word_1_271' title='bbox 978 3627 1094 3700; x_wconf 69' lang='lat' dir='ltr'><strong>collecti</strong></span> 
     </span>
     <span class='ocr_line' id='line_1_37' title="bbox 140 3712 1093 3801; baseline 0.003 -24"><span class='ocrx_word' id='word_1_272' title='bbox 140 3718 251 3797; x_wconf 87' lang='lat' dir='ltr'><strong>primos</strong></span> <span class='ocrx_word' id='word_1_273' title='bbox 267 3720 465 3797; x_wconf 86' lang='lat' dir='ltr'><strong>sequentium,</strong></span> <span class='ocrx_word' id='word_1_274' title='bbox 479 3721 614 3780; x_wconf 85' lang='lat' dir='ltr'><strong>incautos</strong></span> <span class='ocrx_word' id='word_1_275' title='bbox 630 3730 662 3780; x_wconf 85' lang='lat' dir='ltr'><strong>et</strong></span> <span class='ocrx_word' id='word_1_276' title='bbox 673 3720 808 3781; x_wconf 90' lang='lat' dir='ltr'><strong>locorum</strong></span> <span class='ocrx_word' id='word_1_277' title='bbox 824 3722 951 3801; x_wconf 86' lang='lat' dir='ltr'><strong>ignaros,</strong></span> <span class='ocrx_word' id='word_1_278' title='bbox 969 3712 1093 3780; x_wconf 71' lang='lat' dir='ltr'><strong>cirdum-</strong></span> 
     </span>
    </p>
   </div>
   <div class='ocr_carea' id='block_1_3' title="bbox 0 0 1202 4328">
    <p class='ocr_par' dir='ltr' id='par_1_4' title="bbox 0 0 1202 4328">
     <span class='ocr_line' id='line_1_38' title="bbox 0 0 1202 4328; baseline 0 0"><span class='ocrx_word' id='word_1_279' title='bbox 0 0 1202 4328; x_wconf 95' lang='lat' dir='ltr'><strong> </strong></span> 
     </span>
    </p>
   </div>
  </div>
 </body>
</html>
