2394 4328
309 394 350 435 na
371 393 660 436 crannum-cnr.
682 393 891 461 xxm-xxm.
1041 379 1079 438 13

122 524 211 584 idem.
253 524 337 582 Nudi
342 524 482 602 juvenes,
489 525 598 602 'quibus
609 524 640 582 id
651 525 800 584 ludicrum
812 540 865 596 est,
875 528 953 586 inter
963 528 1079 606 gladios

122 641 154 678 se
166 635 253 696 atque
263 621 384 679 infestas
394 622 522 679 frameas
535 620 742 699 saltujaciunt.
783 622 970 681 Exercitatio
984 638 1079 682 artem

122 716 243 794 paravit,
256 736 303 773 ars
314 715 454 775 decorem
467 739 474 776 r
495 736 558 776 non
579 716 610 775 in
623 730 769 793 quaestum
783 731 955 788 tamen,‘ant
966 739 1078 778 merce·

121 808 216 870 dem:
252 811 390 888 quamvis
424 809 547 870 audacis
569 811 697 870 lasciviae
720 812 851 891 pretium
875 827 921 872 est
942 817 1079 894 voluptas

121 907 329 985 spectantium.
368 908 480 966 Aleam
495 906 587 984 (quod
601 907 725 986 mirere)
740 908 830 966 sobrii
845 909 925 967 inter
938 910 1015 969 seria
1028 930 1078 968 ex·

121 1015 233 1073 ercent,
247 1016 328 1061 tanta
342 1001 478 1060 lucrandi
493 1001 678 1080 perdendive
693 1003 871 1074 temeritate,
882 1018 923 1073 ut,
933 1026 1002 1064 cum
1016 1026 1078 1064 om·

119 1098 171 1156 nia
191 1099 376 1167 defecerunt,
393 1110 533 1155 extremo
555 1116 589 1154 ac
609 1096 767 1155 novissimo
782 1098 865 1175 jactu
886 1099 923 1157 de
940 1101 1078 1160 libertate

121 1206 151 1252 et
166 1193 204 1251 do
219 1214 345 1272 corpore
359 1191 547 1251 contendant.
586 1191 692 1250 Victus
700 1193 894 1252 voluntariam
908 1195 1079 1254 servitutem

121 1289 204 1346 adit:
231 1287 371 1367 quamvis
391 1287 540 1365 juvenior,
550 1285 683 1362 quamvis
697 1287 855 1356 robustior,
866 1288 989 1366 adligari
1003 1309 1036 1346 se
1046 1310 1080 1347 ac

121 1383 223 1442 venire
235 1382 356 1462 patitur.
397 1382 446 1440 Ea
460 1395 504 1440 est
518 1381 548 1438 in
562 1401 597 1438 re
611 1401 705 1461 prava
716 1381 901 1460 pervicacia:
922 1383 979 1461 ipsi
989 1384 1078 1442 fidem

120 1491 236 1537 vocant.
277 1477 387 1536 Servos
402 1476 580 1535 conditionis
589 1476 679 1555 hujus
690 1497 746 1556 per
756 1478 937 1536 commercia
949 1479 1079 1550 tradunt,

120 1587 154 1632 ut
168 1594 201 1632 se
215 1595 334 1652 quoqne
349 1574 465 1653 pudore
479 1572 612 1632 victoriae
626 1575 791 1632 exsolvant.

159 1656 262 1728 XXV.
285 1669 401 1728 Ceteris
415 1669 518 1739 servis,
529 1688 587 1726 non
601 1668 632 1725 in
647 1681 781 1727 nostrum
795 1689 919 1740 morem,
931 1670 1079 1752 discriptis

119 1785 176 1843 per
187 1765 332 1829 familiam
345 1764 526 1833 ministeriis,
541 1776 673 1823 utuntur.
715 1765 808 1826 Suam
823 1766 949 1845 quisque
965 1767 1079 1839 sedem,

121 1881 189 1919 suos
205 1874 328 1940 penates
348 1861 436 1939 regit.
477 1860 635 1919 Frumenti
656 1861 780 1919 modurn
798 1861 945 1932 dominus,
960 1877 1012 1922 aut
1027 1883 1079 1942 pe·

121 1956 209 2028 coris,
224 1971 275 2015 aut
297 1956 396 2026 vestis,
411 1968 444 2014 ut
465 1958 579 2026 colono,
593 1957 739 2035 injungit3
759 1971 790 2015 et
811 1978 914 2016 servus
935 1959 1079 2018 hactenus

120 2065 212 2130 paret.
253 2052 364 2110 Cetera
378 2051 484 2110 domus
502 2052 599 2111 officia
616 2073 692 2110 uxor
709 2073 743 2111 ac
759 2052 848 2110 liberi
864 2067 1092 2131 exsequuntur.¹

122 2148 293 2206 Verberare
317 2167 436 2205 servum
458 2167 493 2204 ac
509 2147 635 2204 vinculis
652 2160 683 2204 et
699 2167 791 2224 opere
809 2168 956 2218 coercere,
970 2169 1079 2209 rarum.

120 2244 268 2304 Occidere
279 2245 384 2312 solent,
394 2262 453 2299 non
465 2241 621 2319 disciplina
635 2254 666 2298 et
677 2241 844 2310 severitate,
856 2242 909 2300 sed
924 2242 1038 2321 impetu
1050 2257 1080 2303 et

121 2345 175 2414 ira,
185 2356 219 2401 ut
229 2341 394 2411 inimicum,
405 2340 460 2398 nisi
470 2339 548 2418 quod
561 2339 691 2418 impune.
724 2338 872 2397 Libertini
882 2360 940 2397 non
952 2343 1079 2402 multum

119 2461 211 2519 supra
225 2459 326 2498 seruos
341 2450 418 2507 sunt,
429 2457 497 2495 raro
512 2436 630 2514 aliquod
642 2449 826 2494 momentum
842 2436 872 2494 in
883 2436 982 2508 domn,
993 2460 1078 2498 num·

120 2556 210 2615 quam
234 2535 263 2592 in
288 2534 422 2604 civitate;
453 2532 588 2612 exceptis
610 2531 767 2591 dumtaxat
789 2532 824 2591 iis
848 2535 996 2612 gentibus,
1011 2557 1078 2613 quar

122 2645 294 2711 regnantur.
336 2630 384 2688 Ibi
399 2629 479 2688 enim
497 2642 528 2686 et
544 2649 637 2707 snper
650 2629 797 2705 ingenuos
811 2642 841 2686 et
858 2649 948 2708 super
961 2632 1078 2691 nobiles

123 2727 305 2788 ascendunt:
324 2726 405 2805 apud
421 2739 536 2784 ceteros
549 2725 679 2803 impares
690 2723 821 2783 libertini
835 2725 979 2784 libertatis
990 2748 1077 2805 argu·

123 2837 255 2882 mentum
270 2835 346 2881 sunt.

160 2919 277 2978 XXVI.
293 2919 396 2977 Fenus
407 2916 531 2994 agitare,
544 2915 615 2972 etin
627 2935 732 2974 usuras
745 2915 917 2985 extendere,
927 2915 1077 2993 ignotum:

36 3034 51 3063 ³»
121 3017 248 3093 ideoque
262 3014 357 3090 magis
371 3026 513 3079 servatur,
525 3032 614 3088 qnam
625 3012 651 3069 si
662 3011 787 3068 vetitum
799 3024 884 3069 esset.
925 3011 1010 3087 Agri,
1022 3032 1078 3088 pro

121 3131 247 3172 numero
265 3110 421 3177 cultorum,
436 3107 473 3164 ab
489 3105 635 3163 universis
651 3106 681 3162 in
699 3105 779 3163 vices
796 3118 988 3182 occupantur,
1003 3126 1077 3181 quos

121 3229 192 3267 mox
216 3206 295 3262 inter
314 3223 345 3260 se
366 3199 532 3259 secundum
554 3199 759 3276 dignationem
777 3199 960 3277 partiuntur:
985 3198 1076 3257 facili-

120 3318 212 3364 tatem
223 3297 371 3380 partiendi
383 3314 560 3374 camporum
573 3294 669 3371 spatia
679 3307 827 3373 praestant.
867 3296 950 3352 Arva
959 3316 1015 3374 per
1026 3318 1076 3355 an·

122 3422 176 3459 nos
198 3408 329 3465 mutant3
356 3407 387 3451 et
407 3402 545 3470 superest
566 3409 655 3466 ager:
681 3409 737 3446 nec
758 3389 836 3448 enim
858 3411 926 3448 cnm
942 3393 1077 3451 ubertate

122 3510 153 3556 et
169 3491 361 3578 amplitudine
378 3488 434 3547 soli
448 3486 551 3544 labore
566 3485 760 3554 contendunt,
776 3499 808 3543 ut
821 3487 958 3564 pomaria
974 3509 1075 3549 conse·

121 3605 188 3652 rant
206 3604 236 3647 et
250 3600 334 3667 prata
350 3597 491 3664 separent
508 3595 540 3641 et
553 3582 654 3640 hortos
671 3582 787 3660 rigent:
808 3584 870 3640 sola
886 3596 973 3644 terrae
990 3607 1076 3664 seges

121 3699 292 3766 imperatur.
332 3681 422 3740 Unde
444 3700 553 3738 annum
572 3697 689 3756 quoque
707 3678 806 3757 ipsum
827 3700 885 3737 non
903 3680 934 3738 in
951 3682 1075 3741 totidem

122 3785 261 3862 digerunt
281 3778 416 3859 speciest
440 3776 533 3835 hiems
556 3789 586 3834 et
604 3788 705 3835 voret
725 3789 811 3835 aestas
830 3777 1026 3851 intellectum,
1041 3795 1074 3838 ao
