2394 4328
127 355 149 412 6
412 371 440 412 o.
464 368 638 412 conantius
661 367 795 410 racrrns

126 501 244 561 obsides
260 503 370 581 puellm
388 522 504 578 quoquo
525 501 641 558 nobiles
659 500 851 578 imperantur.
892 499 999 559 Inesse
1012 500 1085 578 quin

126 601 216 658 etiam
233 613 365 658 sanctum
381 598 493 674 aliquid
507 611 538 656 et
554 595 713 676 providum
727 609 851 674 putant:
872 615 930 654 nec
947 610 999 655 aut
1016 616 1083 655 con·

125 695 191 753 silla
208 715 309 752 earum
325 694 547 772 adspernantur,
563 705 612 750 aut
629 712 773 770 responsa
788 692 955 770 negligunt.
997 690 1083 750 Vidi·

125 811 200 860 mus,
214 791 269 849 sub
286 791 354 848 divo
370 789 564 868 Vespasian0,
578 787 737 858 Veledam,
752 787 803 845 diu
824 787 905 867 apud
923 789 1082 867 plerosque

124 887 254 945 numinis
275 889 341 944 loco
360 885 501 944 habitam.
542 883 604 941 Sed
626 895 657 941 et
677 883 749 941 olim
771 882 928 942 Auriniam
950 896 981 941 et
1002 903 1081 941 com·

124 983 226 1063 plures
250 983 321 1040 alias
338 980 470 1040 venerati
491 993 567 1048 sunt,
581 999 640 1036 non
663 977 842 1049 adulatione,
857 998 912 1036 nec
929 992 1081 1055 tamquam

123 1077 258 1136 facerent
271 1077 352 1135 deas.

164 1173 220 1232 IX.
242 1173 379 1232 Deorum
390 1169 715 1229 maximeMercurium
729 1171 839 1238 colunt,
855 1169 903 1226 cui
918 1168 1079 1236 certisdie·

123 1268 179 1326 bus
193 1269 329 1327 humanis
345 1287 465 1345 quoque
477 1265 581 1324 hostiis
598 1265 684 1322 litare
697 1264 742 1322 fas
756 1264 874 1323 habent.
915 1264 1079 1322 Herculem

125 1385 159 1423 ac
170 1365 299 1424 Martem
308 1364 458 1424 concessis
468 1363 644 1422 animalibus
653 1364 782 1442 placant.
823 1365 899 1422 Pars
909 1364 1079 1422 Suevorum

124 1474 155 1517 et
170 1461 244 1519 Isidi
261 1461 423 1520 sacrificat:
446 1459 525 1517 unde
540 1478 644 1517 caussa
661 1471 691 1516 et
708 1459 793 1537 origo
807 1459 967 1537 peregrino
984 1480 1078 1529 sacra,

124 1575 229 1633 parum
240 1556 384 1633 comperi,
391 1555 446 1612 nisi
456 1554 537 1632 quod
544 1554 662 1632 signum
671 1555 778 1633 ipsum,
785 1554 815 1612 in
825 1555 946 1613 modum
954 1555 1078 1614 liburnae

123 1649 292 1726 figuratum,
316 1650 405 1707 docet
430 1649 584 1707 advectam
611 1649 799 1728 religionem.
850 1651 1002 1719 Ceterum,
1024 1670 1079 1708 nec

124 1745 263 1802 cohibere
287 1745 449 1822 parietibus
472 1745 553 1813 deos,
576 1765 676 1822 neque
703 1745 734 1803 in
761 1747 851 1803 ullam
873 1744 995 1804 humani
1018 1745 1078 1804 oris

123 1839 255 1916 speciem
265 1839 443 1906 adsimilare,
454 1861 493 1897 ex
504 1840 706 1916 magnitudine
717 1842 883 1899 coelestium
892 1841 1079 1899 arbitrantur.

125 1935 226 1992 Lucos
245 1956 279 1994 ac
296 1955 418 1993 nemora
435 1949 621 2008 consecrant3
644 1936 828 2013 deorumque
842 1937 1011 1995 nominibus
1028 1936 1079 1995 ad·

123 2032 236 2111 pellant
250 2045 399 2091 secretum
414 2032 496 2101 illud,
512 2031 593 2109 quod
606 2034 670 2091 sola
683 2032 851 2090 reverentia
864 2032 975 2090 vident.

163 2128 203 2187 X.
234 2128 380 2207 Auspicia
409 2142 571 2206 sortesque,
600 2141 633 2185 ut
664 2127 714 2205 qui
744 2128 885 2198 maxime,
913 2128 1079 2188 observant.

124 2222 255 2282 Sortium
273 2224 458 2283 consuetudo
475 2224 612 2303 simplex.
658 2223 793 2302 Virgam,
808 2223 959 2301 frugiferae
979 2223 1078 2282 arbori

124 2316 263 2386 decisam,
279 2318 309 2374 in
330 2320 464 2376 surculos
487 2331 650 2397 amputant,
666 2338 785 2394 eosque,
800 2317 878 2374 notis
900 2317 1078 2394 quibusdam

124 2410 276 2478 discretos,
288 2432 379 2489 super
393 2413 551 2471 candidam
562 2426 675 2470 vestem
689 2426 804 2470 temere
820 2432 854 2469 ac
864 2412 985 2470 fortuito
996 2432 1077 2491 spar-

124 2517 203 2562 eunt.
245 2505 327 2574 Mox,
345 2506 370 2562 si
387 2508 509 2583 publico
528 2509 707 2578 consulatur,
725 2507 863 2565 sacerdos
881 2507 1016 2577 civitatis,
1032 2506 1077 2566 sin

122 2599 271 2678 privatim,
286 2600 349 2676 ipse
363 2601 579 2678 paterfamiliae,
590 2616 728 2679 precatus
742 2602 822 2672 deos,
833 2604 1000 2680 coelumque
1015 2623 1078 2661 sua·

123 2693 246 2772 piciens,
261 2707 308 2752 ter
323 2695 454 2772 singulos
469 2697 554 2767 tollit,
569 2698 709 2768 sublatos,
723 2698 886 2756 secundum
904 2697 1078 2776 impressam

123 2804 191 2848 aute
219 2804 327 2861 notam,
352 2792 571 2870 interpretatur.
625 2795 659 2852 Si
684 2793 909 2874 prohibuerunt,
933 2796 1015 2852 nulla
1039 2794 1076 2852 de

122 2887 229 2946 eadem
252 2909 285 2946 re
307 2888 335 2946 in
360 2888 488 2946 eundem
510 2889 589 2948 diem
612 2890 803 2960 consultatio;
826 2891 871 2947 sin
888 2891 1076 2967 permissum,

123 2984 320 3063 auspiciorum
335 2984 432 3042 adhuc
444 2983 518 3042 fides
533 2986 672 3063 exigitur.
713 2987 753 3044 Et
767 2986 840 3044 illud
855 2986 975 3062 quidem
989 2985 1077 3043 etiam

121 3081 169 3140 bic
180 3097 293 3151 notum,
306 3082 403 3139 avium
414 3100 500 3138 voces
512 3083 685 3158 volatusque
697 3081 880 3159 interrogare
892 3103 899 3139 ε
922 3082 1078 3160 proprium

122 3165 228 3254 gentis,
250 3198 397 3256 equorum
420 3197 537 3255 quoque
558 3177 705 3256 praesagia
726 3197 760 3235 ac
782 3178 910 3234 monitus
936 3176 1077 3254 experiri.

123 3271 248 3330 Publice
260 3277 374 3332 aluntur
385 3273 492 3331 iisdem
502 3272 673 3331 nemoribus
684 3292 719 3329 ac
730 3271 805 3329 lucis
816 3271 944 3340 candidi,
954 3284 985 3329 et
996 3272 1078 3328 nullo

123 3368 239 3423 mortali
251 3389 341 3445 opere
353 3369 497 3428 contacti:
515 3390 589 3445 quos
599 3389 719 3447 pressos
730 3388 815 3425 sacro
826 3389 913 3426 curru
938 3367 1077 3429 sacerdos

124 3480 158 3517 ac
175 3481 228 3516 rex
252 3465 298 3519 vel
316 3465 454 3542 princeps
472 3464 600 3522 civitatis
628 3463 812 3532 comitantur,
829 3463 1021 3540 hinnitusque
1043 3482 1078 3520 ac
1105 3449 1108 3455 ⁵

123 3553 257 3611 fremitus
278 3542 441 3616 observanti
481 3560 550 3617 Nec
570 3559 625 3616 ulli
647 3558 780 3636 auspicio
801 3559 897 3637 major
913 3559 998 3628 fides,
1015 3576 1077 3615 non

123 3650 221 3706 solum
236 3651 313 3728 apud
329 3655 459 3729 plebem,
471 3653 525 3711 sed
540 3653 620 3731 apud
632 3673 783 3730 procereS,
797 3653 877 3732 apud
891 3642 1087 3716 sacerdotest

123 3764 156 3802 se
173 3746 253 3803 enim
272 3747 421 3811 ministros
438 3749 572 3819 deorum,
586 3748 651 3806 illos
671 3749 805 3806 conscios
818 3761 932 3828 putant.
973 3751 1032 3810 Est
1047 3764 1079 3812 et
