2394 4328
513 307 523 327 .

131 357 167 413 lo
406 372 434 412 c.
457 369 632 412 conuentus
655 368 790 409 rscrrus

124 526 182 563 non
191 494 333 570 fluitante,
345 503 420 561 sicut
430 502 572 560 Sarmatae
587 521 620 558 ac
630 500 744 570 Parthi,
757 499 809 558 sod
821 499 924 558 stricta
935 512 966 559 et
979 499 1081 579 singu·

123 603 167 657 los
182 614 262 657 artus
277 599 472 677 exprimente.
514 599 632 655 Gerunt
647 610 677 654 et
690 596 822 654 ferarum
834 598 936 674 pelles,
948 598 1081 675 proximi

122 697 196 774 ripae
215 695 409 772 negligenter,
424 693 582 751 ulten‘ores
599 692 784 769 exquisitius,
803 705 836 749 ut
852 693 961 768 quibus
981 694 1081 751 nullus

121 812 178 870 per
188 789 367 848 commercia
378 791 482 848 cultus.
513 789 639 867 Eligant
650 789 740 858 feras,
751 800 781 846 et
790 787 924 846 detracta
934 789 1082 848 velamina

122 898 265 966 spargunt
285 885 420 956 maculis,
443 886 631 963 pellibusque
651 885 829 954 belluarum,
853 906 925 962 quas
950 887 1081 944 exterior

121 983 260 1041 Oceanus
278 993 366 1057 atque
383 981 519 1058 ignotum
536 1000 618 1038 mare
641 981 747 1058 gignit.
789 981 857 1039 Nec
875 981 950 1038 alius
963 981 1079 1039 feminis

122 1099 211 1156 quam
226 1077 296 1135 viris
309 1076 436 1144 habitus,
448 1075 504 1134 nisi
518 1074 596 1152 quod
609 1076 728 1134 feminae
743 1077 854 1154 saepius
865 1075 952 1133 lineis
968 1077 1079 1134 amicti·

121 1174 177 1232 bus
192 1175 336 1243 velantur,
348 1192 460 1248 eosque
474 1191 608 1250 purpura
624 1171 750 1239 variant,
762 1185 939 1249 partemque
954 1171 1079 1228 vestitus

121 1269 283 1348 superioris
306 1268 337 1326 in
359 1267 489 1326 manicas
508 1287 567 1324 non
587 1265 767 1337 extendunt;
791 1266 879 1325 nudae
901 1266 1023 1326 brachia
1045 1287 1079 1327 ac

122 1366 260 1424 lacertos.
1066 1315 1108 1405 bi

159 1460 282 1519 XVIII.
304 1459 408 1518 Sedet
421 1458 557 1538 proxima
568 1479 636 1536 pars
647 1459 774 1536 pectoris
783 1471 879 1538 patet:
897 1478 1079 1536 quamquam

121 1576 226 1614 severa
239 1556 301 1614 illic
316 1554 520 1624 matrimonia3
543 1575 599 1611 nec
614 1556 704 1612 ullam
723 1575 839 1613 morum
853 1568 969 1634 partem
982 1554 1078 1632 magis

121 1650 306 1710 laudaveris:
327 1670 397 1706 nam
412 1670 508 1728 prope
522 1651 577 1707 soli
589 1650 782 1708 barbarorum
796 1650 920 1728 singulis
934 1650 1079 1708 uxoribus

121 1745 251 1803 contenti
265 1757 341 1813 sunt,
353 1743 485 1822 exceptis
500 1743 660 1802 admodum
675 1745 789 1823 paucis,
802 1746 854 1823 qui
867 1766 927 1804 non
940 1745 1078 1815 libidine,

120 1841 174 1900 sed
192 1841 230 1898 ob
248 1840 442 1908 nobilitatem,
457 1839 592 1917 plurimis
612 1841 723 1919 nuptiis
744 1842 923 1900 ambiuntur.
965 1842 1077 1900 Dotem

121 1957 181 1994 non
203 1956 280 1994 uxor
304 1935 420 2005 marito,
442 1935 495 1994 sed
518 1936 604 1994 uxori
628 1936 760 2008 maritus,
782 1938 875 1996 offert.
925 1937 1078 1996 Intersunt

121 2045 261 2113 parentes
279 2045 310 2090 et
331 2031 499 2111 propinqui
518 2053 552 2091 ac
574 2054 699 2118 munera
718 2035 856 2112 probant,
874 2055 998 2093 munera
1018 2055 1078 2093 non

120 2127 158 2186 ad
181 2127 305 2186 delicias
329 2128 490 2185 muliebres
514 2129 647 2205 quaesita,
671 2149 726 2187 nec
748 2129 855 2206 quibus
881 2150 958 2186 nova
984 2142 1078 2208 nupta

120 2237 272 2294 comatur;
294 2223 348 2282 sod
367 2224 455 2281 boves
475 2237 504 2280 et
520 2224 669 2283 frenatum
692 2245 803 2300 equum
824 2240 853 2283 et
874 2238 990 2283 scutum
1008 2247 1077 2284 cnm

119 2320 234 2379 framea
243 2320 414 2398 gladioque.
450 2320 484 2376 ln
493 2320 691 2377 haecmnnera
701 2340 778 2378 uxor
787 2321 957 2398 accipitur:
980 2335 1077 2398 atque
1156 2399 1158 2402 Ι

120 2415 248 2472 invicem
262 2416 326 2492 ipsa
338 2434 487 2473 armorum
498 2415 609 2492 aliquid
620 2416 684 2473 viro
699 2417 791 2473 affert.
828 2416 898 2475 Hoc
912 2417 1077 2476 maximum

120 2509 280 2577 vinculum,
293 2511 358 2566 haec
373 2529 478 2567 arcana
492 2532 583 2579 sacra,
595 2512 649 2570 hos
664 2514 836 2591 conjugales
848 2512 919 2571 deos
933 2513 1076 2573 arbitran-

120 2618 177 2662 tur.
219 2604 269 2662 Ne
287 2625 320 2661 se
340 2604 446 2662 mulier
463 2619 548 2662 extra
563 2607 705 2664 virtutum
720 2608 914 2686 cogitationes
930 2622 1077 2685 extraque

120 2699 268 2756 bellorum
283 2720 368 2757 casus
379 2713 471 2778 putet,
482 2701 554 2778 ipsis
565 2701 731 2781 incipientis
745 2704 922 2762 matrimonii
933 2705 1077 2783 auspiciis

119 2794 306 2863 admonetur,
329 2796 431 2853 venire
456 2817 488 2855 se
509 2798 646 2855 laborum
668 2798 928 2877 periculorumque
953 2800 1075 2871 sociam,

119 2890 201 2948 idem
212 2890 241 2947 in
251 2911 336 2968 pace,
346 2891 427 2949 idem
436 2892 466 2948 in
475 2893 581 2970 proelio
590 2915 746 2971 passuram
756 2916 963 2973 ausuramque.
1003 2897 1075 2956 Hoc

117 2986 213 3067 juncti
223 2988 324 3056 boves,
336 2987 392 3044 hoc
405 3001 526 3066 paratus
537 3010 642 3066 equus,
651 2990 709 3048 hoc
719 2990 788 3049 data
802 3011 882 3049 arma
893 2991 1075 3053 denuntiant

119 3083 170 3140 Sic
187 3083 358 3152 vivendum,
372 3082 415 3140 sic
433 3083 637 3161 pereundum:
661 3086 800 3165 accipere
824 3109 866 3155 se,
885 3108 950 3164 quae
973 3088 1075 3148 liberis

119 3179 258 3236 inviolata
273 3200 307 3236 ac
323 3179 414 3256 digna
426 3178 542 3248 reddat,
556 3201 622 3256 qnae
639 3202 731 3241 nurus
745 3183 899 3263 accipiant,
914 3204 1075 3261 rursusque

119 3275 157 3331 ad
171 3288 295 3351 nepotes
309 3275 448 3334 referant.
598 3262 608 3279 ⁴

159 3371 246 3427 XIX.
268 3371 352 3447 Ergo
365 3385 458 3448 septae
469 3371 611 3449 pudicitia
622 3386 724 3450 agunt,
735 3374 824 3432 nullis
835 3376 1074 3453 spectaculorum

119 3465 278 3534 illecebris,
289 3465 379 3523 nullis
390 3467 589 3525 conviviorum
601 3468 810 3527 irritationibus
821 3483 975 3549 corruptae.
1012 3471 1074 3530 Lit-

118 3574 248 3618 terarum
265 3575 381 3621 secreta
390 3565 445 3621 viri
457 3565 570 3643 pariter
584 3585 619 3622 ac
629 3565 747 3624 feminae
762 3566 908 3643 ignorant.
949 3567 1073 3625 Paucis·
1130 3616 1133 3624 ,

118 3656 194 3714 sima
215 3656 244 3713 in
270 3669 330 3714 tarn
353 3678 507 3718 numerosa
531 3675 620 3738 gente
643 3661 805 3732 adulteria3
836 3684 962 3740 qnorum
985 3684 1074 3742 poena

118 3771 259 3830 praesens,
271 3765 303 3810 et
317 3754 429 3813 maritis
443 3756 595 3833 permissa.
636 3757 752 3816 Accisis
765 3759 906 3830 crinibus,
920 3761 1073 3833 nudatam,
