2394 4328
278 377 319 419 un
340 375 634 418 crunnum-osu.
653 377 906 420 xxxiia-xxxvi.
1038 364 1076 421 17

119 507 272 568 invidere:
293 529 385 588 super
402 508 558 587 sexaginta
573 508 664 577 milia,
679 529 738 566 non
759 509 849 567 armis
869 511 998 589 telisque
1015 511 1078 570 Ro-

119 604 223 675 manis,
235 588 298 674 sed,
306 604 387 683 quod
400 604 640 683 magnificentius
654 617 707 675 est,
719 606 909 665 oblectationi
923 608 1077 686 oculisque

119 700 302 760 ceciderunt.
343 701 474 772 Maneat,
496 721 606 778 quaeso,
629 700 777 779 duratque
799 703 949 781 gentibus,
971 704 996 761 si
1018 724 1077 762 non

119 816 204 854 amor
220 795 322 868 nostri,
339 809 466 856 atcerte
484 797 586 856 odium
603 797 650 856 sui
659 821 667 870 ;
688 799 816 876 qnando,
831 800 1009 878 urgentibus
1023 801 1076 860 im·

117 893 194 971 perii
206 892 284 963 fatis,
298 893 371 951 nihil
382 894 448 972 jam
461 906 605 973 praestare
619 893 737 953 fortuna
753 896 850 974 majus
863 910 971 976 potest,
986 919 1077 976 quam

118 989 247 1048 hostium
262 989 454 1049 discordiam.

158 1085 312 1144 XXXIV.
332 1084 527 1163 Angrivarios
548 1097 579 1143 et
596 1085 765 1144 Chamavos
782 1107 800 1145 a
815 1101 901 1166 tergo
917 1089 1074 1168 Dulgibini

118 1193 151 1238 et
164 1180 311 1239 Chasuari
325 1179 458 1249 cludunt,
468 1181 595 1258 aliaeque
609 1193 722 1258 gentes,
731 1181 811 1240 haud
825 1183 951 1263 perinde
966 1205 1076 1245 memo·

118 1286 201 1336 ratae.
240 1275 379 1335 Afronte
388 1275 480 1335 Frisii
488 1276 651 1355 excipiunt.
693 1277 1077 1362 Majmib‘uorquqg
1096 1247 1137 1361 ff

118 1371 232 1432 Frisiis
241 1372 421 1430 vocabulum
432 1384 529 1430 estex
539 1371 627 1434 modo
637 1372 761 1441 virium.¹
818 1386 931 1451 traeque
942 1376 1077 1434 nationes

118 1488 214 1545 usque
235 1467 272 1525 ad
294 1488 440 1527 oceanum
453 1469 562 1528 Rheno
578 1482 794 1547 praetexuntur,
812 1470 1005 1548 ambiuntque
1024 1472 1076 1528 im-

118 1585 237 1623 mensos
260 1563 383 1645 insuper
403 1566 488 1624 lacus
515 1573 547 1624 et
570 1566 715 1624 Romanis
743 1566 886 1624 classibus
913 1567 1077 1645 navigatos.

119 1663 223 1742 Ipsum
237 1662 308 1739 quin
323 1662 413 1720 etiam
427 1683 573 1722 oceanum
586 1663 639 1720 illa
652 1663 848 1721 tentavimus:
871 1674 902 1720 et
915 1684 1076 1743 superesse

119 1758 216 1818 adhuc
233 1758 375 1817 Herculis
396 1750 548 1818 columnas
565 1758 645 1816 fama
661 1757 803 1837 vulgavit,
821 1758 883 1817 sive
904 1759 976 1817 adiit
994 1759 1075 1818 Her-

119 1855 211 1924 cules,
226 1875 291 1924 seu,
305 1854 451 1934 quidquid
458 1855 576 1933 ubique
590 1855 780 1933 magnificum
795 1867 851 1925 est,
865 1855 896 1912 in
910 1855 1075 1915 claritatem

120 1952 186 2030 ejus
213 1950 326 2010 referre
349 1952 561 2011 consensimus.
607 1951 676 2010 Nec
698 1950 793 2009 defuit
816 1950 956 2010 audentia
973 1952 1075 2010 Druso

119 2047 318 2108 Gemanico:
339 2048 394 2106 sed
405 2047 516 2106 obstitit
525 2067 655 2105 oceanus
665 2046 697 2104 in
706 2066 740 2105 se
751 2046 840 2104 simul
852 2059 941 2124 atque
954 2047 986 2104 in
996 2047 1076 2106 Her-

119 2145 221 2204 culam
230 2142 351 2221 inquiri.
392 2143 467 2202 Mox
477 2163 566 2201 nemo
576 2142 716 2213 tentavit;
738 2143 930 2220 sanctiusque
943 2163 979 2201 ac
992 2163 1077 2202 reve·

118 2240 231 2299 rannus
245 2241 343 2298 visum
358 2238 395 2296 de
410 2238 482 2296 actis
496 2238 622 2296 deorum
636 2237 758 2296 credere
772 2258 861 2315 quam
874 2237 960 2296 scire.

159 2333 294 2392 XXXV.
312 2333 469 2391 Hactenus
479 2332 510 2390 in
520 2332 714 2391 Occidentem
725 2331 918 2390 Germaniam
931 2331 1075 2392 novimus.

119 2429 158 2488 In
175 2428 427 2510 Septemtrionem
444 2429 557 2508 ingenti
572 2428 655 2486 flexu
674 2427 762 2486 redit.
801 2429 849 2487 Ac
863 2428 961 2507 primo
977 2429 1076 2487 statim

70 2544 74 2552 ·
109 2525 290 2584 (leucorum
306 2545 388 2603 gens,
404 2545 585 2604 quamquam
602 2522 727 2604 incipiat
744 2523 890 2594 aFrisiis,
906 2545 941 2584 ac
957 2538 1075 2604 partem

119 2621 212 2680 litoris
228 2634 365 2701 occupet,
380 2620 523 2691 omnium,
539 2638 612 2699 quas
630 2622 765 2700 exposui,
780 2621 916 2699 gentium
930 2621 1076 2680 lateribus

120 2717 300 2788 obtenditur,
316 2717 415 2777 donec
437 2717 469 2776 in
488 2718 591 2777 Cattos
613 2738 710 2796 usque
733 2718 874 2777 sinuetur.
921 2717 996 2776 Tam
1020 2718 1076 2775 im·

119 2833 257 2873 mensum
273 2827 420 2874 terrarum
437 2814 566 2893 spatium
582 2834 642 2872 non
655 2825 758 2872 tenent
771 2826 886 2871 tantum
901 2812 1006 2882 Cauci,
1020 2812 1075 2870 sed

120 2922 151 2968 et
170 2911 304 2988 implent,
318 2910 445 2989 populus
458 2909 538 2968 inter
553 2909 723 2968 Germanos
738 2908 949 2975 nobilissimus,
965 2907 1075 2984 quique

119 3005 354 3084 magnitudinem
371 3026 456 3064 suam
471 3006 555 3064 malit
566 3005 682 3084 justitia
698 3003 796 3062 tueri:
818 3003 883 3062 sine
901 3001 1075 3079 cupiditate,

118 3101 183 3160 sine
202 3099 387 3179 impotentia,
401 3099 496 3176 quieti
516 3100 692 3177 secretique,
708 3099 791 3156 nulla
808 3109 970 3176 provocant
985 3097 1074 3167 bella,

118 3195 208 3256 nullis
225 3194 359 3273 raptibus
380 3207 432 3252 aut
447 3185 607 3252 latrociniis
620 3195 820 3273 populantur:
843 3193 935 3269 idque
952 3191 1075 3271 praecip·

119 3313 193 3352 uum
216 3290 333 3349 virtutis
361 3309 395 3348 ao
416 3288 525 3347 virium
552 3300 759 3366 argumentum
786 3300 837 3356 est,
859 3287 948 3365 quod,
969 3299 1003 3345 ut
1028 3308 1082 3357 su-¹

118 3389 255 3468 perieras
273 3399 371 3466 agant,
388 3405 448 3444 non
466 3405 522 3464 par
536 3382 659 3463 injurias
677 3382 888 3460 adsequuntur.
949 3375 1074 3442 Promta
1151 3420 1154 3427 ·

120 3498 222 3544 tamen
238 3484 374 3543 omnibus
392 3502 483 3552 arma,
498 3500 542 3550 ac,
558 3480 582 3538 si
604 3499 652 3538 res
668 3491 779 3557 poscat,
794 3479 959 3538 exercitus:
981 3479 1073 3559 pluri·

119 3601 203 3639 mum
212 3580 343 3639 virorum
355 3597 573 3656 equorumque:
596 3588 625 3634 et
636 3574 859 3654 quiescentibus
869 3575 974 3634 eadem
984 3576 1073 3636 fama.

160 3675 312 3736 XXXVI.
340 3675 376 3734 In
393 3676 485 3733 latere
503 3674 675 3734 Caucorum
694 3672 909 3750 Cattorumque
926 3672 1074 3732 Cherusci

120 3773 243 3834 nimiam
264 3792 299 3833 ac
318 3784 499 3832 marcentem
516 3771 568 3829 diu
589 3789 696 3850 pacem
716 3768 866 3829 illucessiti
884 3768 1071 3829 nutrieruntr
1096 3788 1100 3801 ·
