2394 4328
158 383 201 441 22
445 400 473 440 c.
492 399 667 441 conuentus
689 399 826 441 rucrrus

157 531 222 608 jam
237 531 475 611 exceptionibus,
488 551 546 589 non
556 530 693 609 precario
701 531 771 609 jure
785 530 929 608 parendi:
951 549 1007 587 nec
1021 549 1112 600 arma,

158 639 191 685 ut
208 626 288 705 apud
306 640 420 686 ceteros
434 628 610 696 Germanos,
624 626 654 683 in
672 626 848 703 promiscuo,
863 625 917 682 sed
934 627 1035 683 clausa
1056 626 1113 683 sub

158 721 283 782 custode
306 734 336 780 et
357 723 478 800 quidem
502 742 596 792 serve,
612 721 682 801 quia
702 720 815 779 subitos
831 721 959 778 hostium
979 720 1113 778 incursus

135 817 294 895 'prohibet
316 838 454 886 oceanus,
470 818 572 876 otiosae
589 837 680 896 porro
699 830 880 875 armatorum
902 836 1007 873 manus
1023 816 1112 873 facile

158 913 327 971 lasciviunt:
347 913 498 972 enimvero
512 934 610 990 neque
623 913 765 982 nobilem,
777 932 875 989 neque
889 911 1061 988 ingenuum,
1073 933 1112 969 ne

157 1007 329 1067 libertinum
344 1009 475 1087 quidem,
491 1009 579 1067 armis
593 1028 767 1086 praeponere
781 1007 863 1083 regia
877 1006 984 1064 utilitas
998 1019 1051 1064 est.

197 1103 297 1162 XLV.
316 1105 412 1162 Trans
423 1104 549 1163 Suionas
564 1104 646 1162 aliud
661 1122 752 1171 mare,
765 1102 883 1181 pigrum
898 1122 934 1158 ac
948 1122 1042 1180 prope
1057 1102 1110 1158 irn-

157 1210 281 1268 motum,
299 1219 357 1276 quo
378 1199 457 1277 cingi
479 1199 619 1276 eludique
638 1212 783 1256 terrarum
805 1197 908 1255 orbern
928 1197 998 1255 hinc
1018 1196 1109 1267 fides3

157 1293 236 1369 quod
253 1308 405 1352 extremus
425 1294 560 1352 cadentis
577 1294 641 1372 jam
661 1293 731 1351 solis
747 1293 845 1370 fulgor
861 1292 891 1349 in
909 1305 988 1350 ortus
1006 1292 1111 1350 edurat

157 1387 233 1447 adeo
248 1390 353 1459 clarus,
370 1404 402 1448 ut
418 1390 516 1448 sidera
528 1390 649 1447 hebetet
658 1412 666 1459 ;
687 1409 794 1446 sonum
809 1388 930 1466 insuper
944 1388 1038 1445 audiri
1053 1389 1093 1445 for

156 1504 279 1563 masque
294 1486 418 1544 deorum
433 1499 463 1543 et
475 1485 574 1544 radios
588 1485 693 1563 capitis
707 1484 819 1562 adspici
829 1484 984 1563 persuasio
1000 1484 1110 1561 adjicit.

121 1572 124 1577 ¹
156 1579 232 1638 Illuc
243 1601 338 1658 usque
350 1595 380 1639 ct
391 1581 472 1638 ferna
482 1601 552 1638 vcra
562 1594 676 1638 tanturn
686 1593 799 1638 natura.
830 1580 915 1657 Ergo
924 1580 989 1657 jam
1002 1579 1110 1637 dextro

156 1674 278 1733 Sueviei
292 1676 381 1734 maris
394 1677 490 1734 littore
504 1676 678 1753 AEstyorum
691 1689 796 1753 gentes
815 1676 981 1733 alluuntur:
1002 1675 1110 1750 quibus

155 1768 228 1828 ritus
247 1771 424 1848 habitusque
442 1772 630 1842 Suevorum;
659 1772 761 1850 lingua
778 1772 957 1830 Britannicae
978 1772 1109 1849 propior.

74 1942 82 1953 ³
155 1865 283 1924 Matrem
301 1866 392 1925 deum
409 1881 606 1926 venerantur:
630 1867 747 1945 insigne
768 1866 984 1945 superstitionis
1000 1866 1110 1925 formas

154 1981 297 2040 aprorum
313 1976 439 2040 gestant.
481 1963 518 2020 Id
531 1983 587 2041 pro
606 1963 693 2020 armis
709 1962 847 2038 omnique
862 1963 954 2020 tutela
971 1983 1109 2020 securum

154 2056 220 2116 deae
246 2059 390 2118 cultorem
415 2058 505 2116 etiam
525 2058 602 2117 inter
618 2059 716 2116 hostes
736 2070 865 2138 praestat.
912 2058 1012 2116 Rarus
1028 2058 1108 2129 ferri,

154 2152 293 2231 frequens
308 2154 430 2213 fustium
443 2174 522 2212 usus.
563 2155 727 2213 Frumento
741 2166 915 2229 ceterosque
929 2153 1044 2211 fructus
1058 2175 1109 2231 pa·

153 2248 282 2320 tientius,
300 2270 389 2328 quam
411 2271 467 2330 pro
488 2250 574 2309 solita
591 2250 811 2308 Germanorum
831 2248 947 2317 inertia,
964 2249 1109 2307 laborant.

153 2343 217 2402 Sed
232 2358 263 2402 et
278 2366 360 2404 mare
377 2359 556 2414 scrutantur,
574 2365 608 2403 ac
626 2345 682 2402 soli
700 2344 832 2402 omniurn
850 2343 1012 2414 succinum,
1028 2343 1109 2420 qnod

154 2439 211 2516 ipsi
221 2441 335 2515 glesum
348 2453 463 2511 vocant,
478 2442 554 2499 inter
568 2440 644 2499 vada
658 2452 745 2517 atque
758 2439 789 2497 in
803 2439 869 2517 ipso
882 2438 980 2497 littore
994 2439 1108 2516 legunt.

154 2533 231 2603 Nec,
247 2556 313 2612 qnae
326 2549 440 2606 natura,
455 2557 559 2614 quaeve
576 2536 653 2595 ratio
670 2536 783 2614 gignat,
798 2547 831 2592 ut
845 2534 989 2605 barbaris,
1004 2535 1108 2612 quaesi-

152 2641 216 2687 tum
233 2644 465 2708 compertumve.
508 2631 571 2690 Diu
589 2632 661 2709 quin
679 2631 770 2690 etiarn
787 2629 865 2689 inter·
881 2642 984 2687 cetera
1000 2630 1108 2708 ejectass

84 2764 88 2781 2
152 2738 253 2782 menta
269 2725 360 2783 maris
373 2727 500 2805 jacebat,
516 2727 614 2786 donec
626 2727 747 2785 luxuria
762 2739 863 2784 nostra
879 2725 962 2783 dedit
979 2747 1107 2786 nomen:
1164 2752 1172 2756 ·

92 2806 95 2811 ’
153 2819 225 2899 ipsis
240 2820 271 2878 in
289 2822 371 2880 nullo
388 2842 460 2893 usu3
481 2823 555 2881 rude
570 2823 690 2901 legitur,
704 2821 830 2880 informe
844 2822 1001 2899 perfertur,
1016 2823 1107 2901 preti·

152 2936 263 2996 umque
275 2918 416 2976 mirantes
431 2918 588 2996 accipiunt.
629 2918 759 2976 Succum
773 2930 871 2975 tamen
887 2918 1025 2976 arborum
1040 2939 1108 2976 esse

153 3011 309 3092 intelligas,
322 3013 392 3092 quia
405 3027 523 3072 terrena
537 3014 674 3091 quaedam
689 3027 777 3091 atque
792 3014 882 3072 etiam
897 3014 1032 3073 volucria
1047 3015 1107 3072 nni-

152 3110 241 3168 melia
253 3110 430 3188 plerumque
444 3111 633 3179 interlucent,
648 3131 715 3188 quae
729 3110 878 3189 implicata
894 3110 1019 3168 humore
1036 3131 1107 3169 mox

154 3204 328 3264 durescente
339 3205 464 3264 materia
474 3205 642 3265 cluduntur.
683 3206 873 3264 Fecundiora
883 3206 976 3284 igitur
985 3226 1107 3265 nemora

152 3303 296 3379 lucosque
313 3302 389 3360 sicut
402 3301 533 3362 Orientis
550 3302 682 3371 secretis,
697 3303 749 3360 ubi
765 3314 833 3361 tura
850 3303 1039 3379 balsamaque
1057 3323 1106 3360 su·

153 3394 269 3466 duntur,
278 3397 319 3455 ita
329 3398 500 3457 Occidentis
513 3397 618 3456 insulis
632 3398 778 3474 terrisque
791 3398 899 3469 inesse,
910 3398 1105 3470 crediderim3

154 3511 221 3567 quae
236 3491 326 3550 vicini
343 3494 412 3552 solis
428 3493 518 3553 radiis
534 3513 679 3574 expressa
696 3506 785 3570 atque
801 3494 945 3571 liquentia
960 3495 991 3552 in
1008 3494 1107 3572 proxi·

153 3603 235 3644 mum
248 3607 329 3646 mare
343 3589 488 3658 labuntur,
504 3610 538 3647 ac
552 3589 581 3646 vi
594 3601 808 3666 tempestatum
822 3588 852 3646 in
868 3590 993 3648 adversa
1006 3591 1106 3650 littera

153 3682 315 3743 exundant.
366 3685 400 3743 Si
421 3697 558 3742 naturam
583 3681 696 3741 succini
720 3684 840 3743 admoto
861 3685 923 3762 igni
945 3675 1050 3754 tentes,
1073 3686 1104 3746 in

152 3778 275 3838 modum
296 3780 382 3838 taedae
405 3780 586 3848 accenditur,
607 3777 717 3855 alitque
736 3779 887 3839 flammam
908 3780 1053 3859 pinguem
1075 3795 1105 3841 et
