2394 4328
125 349 167 409 ⁶4
414 365 441 405 c.
463 362 638 405 conuentus
660 361 803 404 ruotrus.

124 494 196 554 dere
220 493 393 565 valetudini,
414 494 515 553 fovere
540 493 738 562 deficientem,
759 491 860 550 satiari
883 493 978 563 vultu,
998 511 1081 551 com·

124 592 226 670 plexu,
237 611 298 649 non
312 590 443 668 contigit.
484 589 718 668 Excepissemus
733 602 814 647 certe
828 587 968 647 mandata
977 609 1082 647 voces-

123 706 192 763 que,
213 706 286 763 quas
307 685 428 764 penitus
450 685 549 744 animo
572 684 739 762 figeremus.
780 684 891 742 Noster
911 683 961 741 hic
983 684 1080 755 dolor,

123 794 256 840 nostrum
278 783 400 851 vulnus3
421 780 515 847 'nobis
538 792 599 837 tarn
622 781 720 857 longae
746 779 886 836 absentiae
909 778 1081 837 conditione

124 889 192 936 ante
202 876 431 954 quadriennium
442 876 566 934 amissus
578 895 619 933 es.
660 873 769 933 Omnia
778 874 843 932 sine
853 873 955 944 dubio,
965 874 1081 952 optime

123 984 293 1049 parentum,
304 968 452 1031 assidente
463 969 663 1028 amantissima
673 988 777 1038 uxore,
788 967 963 1045 superfuere
973 968 1081 1026 honori

123 1077 194 1125 tuo:
215 1065 406 1144 paucioribus
422 1078 522 1123 tamen
535 1063 666 1122 lacrimis
683 1062 865 1140 compositus
882 1083 925 1133 es,
939 1076 969 1121 et
981 1063 1080 1122 novis-

124 1159 200 1219 sima
214 1161 244 1218 in
258 1163 327 1219 luce
341 1159 552 1220 desideravere
567 1158 678 1237 aliquid
695 1157 773 1217 oculi
787 1158 839 1217 tui.

163 1255 283 1314 XLVI.
304 1255 338 1314 si
349 1255 414 1334 quis
424 1255 542 1334 piorum
553 1254 689 1312 manibus
703 1254 796 1324 locus,
805 1252 839 1321 si,
849 1265 882 1310 nt
894 1253 1081 1331 sapientibus

123 1351 232 1429 placet,
249 1371 310 1410 non
331 1371 399 1409 curu
423 1370 550 1428 corpore
573 1349 801 1425 exstinguuntur
822 1368 938 1426 magnae
960 1348 1079 1420 animae,

123 1445 243 1524 placide
265 1445 408 1522 quiescas,
425 1464 548 1521 nosque,
563 1443 684 1501 domum
705 1455 797 1512 tuam,
813 1443 851 1502 ab
868 1443 985 1502 infirmo
1001 1443 1080 1502 desi·

125 1539 211 1598 derio
229 1552 259 1598 et
275 1538 473 1597 muliebribus
487 1538 623 1596 lamentis
640 1538 678 1596 ad
693 1538 975 1616 contemplationem
989 1538 1079 1596 virtu·

125 1645 188 1692 tum
210 1647 327 1692 tuarum
343 1653 440 1703 voces,
458 1653 531 1710 quas
553 1653 652 1710 neque
673 1633 770 1710 lugeri
792 1653 889 1710 neque
912 1634 1015 1712 plangi
1034 1634 1080 1693 fas

125 1741 188 1789 est:
210 1727 404 1786 admiratione
424 1740 455 1786 te
473 1727 579 1805 potius,
594 1740 625 1786 et
641 1727 859 1786 immortalibus
875 1728 1023 1799 laudibus,
1038 1742 1079 1799 et,

125 1824 151 1887 ti
159 1836 265 1883 natura
277 1821 458 1901 suppeditet,
466 1823 607 1881 aemulatu
619 1822 802 1882 decoremus.
837 1824 869 1882 Is
878 1843 966 1881 verus
976 1825 1079 1895 honos,

124 1939 162 1978 aa
175 1917 405 1997 conjunctissimi
420 1918 564 1995 cujusque
574 1917 681 1996 pictas.
722 1917 758 1976 Id
769 1918 839 1978 filiae
850 1939 968 1996 quoque
980 1919 1079 1977 uxori·

125 2033 184 2092 que
194 2012 399 2092 praeceperim,
411 2013 454 2070 sic
464 2012 567 2091 patris,
578 2012 622 2071 sic
636 2011 734 2071 mariti
744 2013 920 2071 memoriam
930 2015 1078 2085 venerari,

123 2119 158 2169 ut
174 2107 273 2167 omnia
285 2108 363 2166 facta
376 2106 515 2185 dictaque
533 2108 598 2186 ejus
615 2127 717 2166 secum
730 2108 893 2178 revolvant,
907 2108 1078 2186 famamque

125 2224 160 2263 ac
176 2205 303 2283 figuram
325 2203 417 2263 animi
438 2203 532 2281 magis
554 2223 644 2282 quam
667 2203 800 2282 corporis
821 2205 1076 2281 complectantur:

19 2323 26 2338 ’
124 2320 185 2359 non
196 2300 267 2377 quia
280 2298 527 2359 intercedendum
537 2312 640 2377 putem
653 2298 842 2376 imaginibus,
851 2319 918 2375 quae
929 2319 1078 2357 marmore

125 2406 177 2453 aut
192 2415 253 2452 aere
267 2396 434 2473 linguntur3
455 2394 509 2452 sed
523 2407 557 2452 ut
571 2395 671 2452 vultus
684 2393 844 2463 hominurn,
858 2393 901 2451 ita
918 2393 1079 2453 simulacra

124 2490 223 2548 vultus
242 2488 395 2548 imbecilla
411 2509 446 2547 ac
463 2488 600 2547 mortalia
616 2501 693 2558 sunt,
710 2487 805 2545 forma
821 2487 928 2544 mentis
945 2501 1075 2557 aeterna3

125 2603 214 2660 quam
231 2594 334 2640 tenere
352 2595 382 2640 et
398 2582 575 2660 exprimere,
590 2603 649 2642 non
660 2602 715 2662 per
731 2582 856 2640 alienam
873 2581 1030 2639 materiem
1045 2596 1078 2640 et

124 2689 226 2746 artum,
241 2675 294 2734 sed
311 2676 369 2734 tuis
386 2677 450 2756 ipse
467 2677 600 2737 moribus
616 2678 718 2757 possis.
759 2675 914 2753 Quidquid
931 2696 971 2734 ex
987 2679 1077 2754 Agri-

125 2774 190 2833 cola
216 2771 388 2842 amavimus,
410 2772 553 2850 quidquid
578 2774 675 2832 mirati
700 2793 813 2843 sumus,
835 2784 936 2830 manet
959 2792 1076 2829 mansu·

124 2889 250 2948 rumque
269 2868 358 2926 estin
375 2869 479 2928 animis
492 2870 655 2942 bominum,
669 2870 700 2927 in
718 2853 883 2930 aeternitate
900 2883 1075 2948 temporum,

107 2964 204 3044 'fama
225 2984 334 3023 rerum.
383 2963 464 3023 Nam
483 2965 591 3023 multos
613 2978 757 3036 veterum,
779 2966 861 3024 velut
881 2964 1023 3043 inglorios
1045 2978 1077 3023 et

124 3059 281 3139 ignobiles,
295 3058 404 3119 oblivio
418 3058 540 3120 obruet:
560 3059 711 3139 Agricola,
721 3060 885 3141 posteritati
898 3073 1033 3121 narratus
1046 3072 1077 3120 et

124 3155 257 3227 traditus,
272 3167 423 3236 superstes
436 3153 502 3216 erit.
