2394 4328
337 376 617 419 AGRICOLA.--0AP.
639 375 855 417 xxxa-xxxa.
1032 360 1073 417 45

119 510 162 568 lia
176 510 382 568 recentissimns
396 511 515 586 qnisqne
527 529 672 567 sercornm
686 518 713 565 et
725 507 865 566 conservis
876 506 1004 563 indibria
1015 517 1056 563 est
1058 529 1073 573 ,·

118 606 167 676 sio,
181 607 213 663 in
226 607 278 664 doc
291 606 369 663 orbis
384 617 525 664 terrornm
542 605 805 683 oeterefomnlatn,
819 603 886 661 noni
899 621 950 659 nos
964 611 991 659 et
1004 602 1075 659 oilcs

119 701 152 758 in
163 702 307 760 cncidinm
320 702 453 777 petimur.
494 703 594 778 Ncqne
608 702 682 758 enim
695 719 770 757 arra
783 699 872 768 nobis,
881 708 933 754 ant
945 697 1075 765 metalla,

117 808 171 856 ant
178 809 282 874 portas
295 809 370 869 snnt,
381 799 484 875 qnibns
495 797 657 855 coercendis
670 815 851 853 reservemur.
899 794 997 851 Virtus
1005 812 1074 868 por-

118 913 150 950 ro
164 914 199 951 ac
200 893 320 968 ferocia
333 893 520 972 subjectorum
534 895 656 969 ingrato
669 891 897 966 imperantibus:
920 899 947 947 et
963 889 1075 965 longin-

98 988 214 1064 ·qnitos
237 1008 273 1047 ac
294 998 430 1046 secretnm
450 989 547 1063 ipsnm
569 1008 623 1064 qno
644 987 742 1056 totins,
763 1006 794 1043 eo
809 987 973 1062 suspectius.
1015 986 1074 1056 Ita,

116 1082 235 1142 sublata
262 1104 312 1159 spe
338 1084 437 1153 venia,
460 1082 577 1140 tandem
604 1084 706 1140 sumite
727 1082 868 1151 animam,
891 1093 951 1140 tam
973 1083 1075 1159 qnibns

117 1181 208 1250 salas,
217 1199 306 1255 qnam
320 1178 422 1255 qnibns
433 1178 534 1253 glorio
545 1178 696 1235 carissima
708 1187 756 1236 est.
796 1177 1075 1256 Brigantcsfemino

118 1275 189 1332 dnce
203 1294 319 1356 ennrere
332 1275 482 1343 coloniam,
496 1293 662 1349 enpngnore
672 1282 779 1343 costra,
788 1292 822 1330 ac
834 1272 894 1328 nisi
895 1271 1031 1350 filicitas
1044 1272 1076 1329 in

118 1369 280 1427 socordiam
292 1370 427 1438 vertisset,
438 1367 652 1445 eanerejngnm
661 1378 800 1443 potuere:
816 1386 868 1424 nos
880 1367 988 1442 integri
998 1376 1024 1423 et
1033 1367 1077 1423 in·

117 1465 231 1533 domiti,
249 1475 275 1522 et
291 1464 450 1522 libertatem
466 1484 523 1521 non
539 1465 571 1521 in
585 1463 743 1539 prasentia
756 1462 856 1532 latnri,
865 1462 964 1538 primo
977 1461 1077 1519 statim

118 1579 269 1636 congressu
281 1579 338 1618 non
352 1560 532 1617 ostendamus
554 1578 622 1635 qnos
642 1559 702 1616 sibi
723 1557 884 1616 Caledonia
903 1558 980 1616 viros
998 1576 1076 1633 sepo-

118 1656 231 1714 suerit?

159 1750 297 1810 XXXII.
318 1752 368 1809 An
385 1751 504 1808 eandem
521 1751 666 1809 Romanis
682 1751 714 1807 in
731 1750 805 1808 hetto
825 1750 968 1819 virtatem,
987 1767 1076 1825 quom

118 1847 151 1903 in
158 1867 235 1921 poce
248 1845 411 1916 lasciviam,
422 1846 520 1904 adesse
530 1845 668 1904 creditis?
709 1845 825 1904 Nostris
837 1844 886 1902 illi
899 1845 1075 1902 discessioni·

118 1939 171 1996 bns
187 1961 223 1999 ac
238 1940 394 1998 discordiis
410 1941 494 2009 clari,
509 1941 584 1998 vitia
600 1941 726 1999 nostiam
747 1941 780 1997 in
797 1940 926 2016 gloriam
939 1940 1076 1997 exercitus

118 2036 164 2092 sni
176 2047 288 2093 oertnnt
296 2059 309 2103 ,·
332 2055 414 2113 qnam
428 2046 603 2093 contractam
620 2055 655 2093 en
670 2036 873 2094 diversissimis
884 2035 1029 2112 gentitus,
1044 2045 1076 2093 nt

99 2129 246 2192 necanda
264 2149 308 2186 res
325 2139 427 2199 tenent,
445 2131 491 2187 ita
507 2129 636 2187 adversa
655 2130 808 2187 dissolvent
815 2153 828 2197 ,·
850 2129 952 2187 nisisi
972 2129 1077 2187 Gallos

119 2236 147 2282 et
163 2225 325 2283 Germanos
339 2234 366 2281 et
381 2222 487 2299 (podet
501 2224 599 2299 dictn)
615 2224 825 2282 Britannorum
837 2223 1077 2300 nicromantiam

119 2319 314 2378 dominationi
334 2319 436 2377 aliena
457 2320 627 2396 sangninem
648 2319 832 2389 commodent,
850 2318 960 2376 dintins
981 2329 1077 2379 tamen

119 2414 212 2472 nostes
225 2434 315 2491 qnam
331 2434 433 2485 seroos,
442 2412 511 2489 fide
529 2425 556 2472 et
570 2415 674 2493 affecta
692 2415 780 2473 teneri
790 2416 926 2491 potatis:
946 2424 1038 2474 metas
1050 2426 1078 2475 et

120 2519 212 2567 terror
231 2519 281 2580 est,
301 2508 425 2591 infirma
444 2511 559 2569 vinonio
581 2510 716 2569 caritatis
720 2533 734 2578 ;
760 2531 823 2588 qna
844 2511 894 2570 nbi
914 2511 1075 2584 remorans,

120 2605 171 2681 qni
187 2605 286 2664 timere
301 2594 444 2676 desierint,
464 2606 557 2664 odisse
571 2607 718 2682 incipient.
762 2607 870 2665 Omnia
887 2607 1014 2666 victoria
1031 2609 1076 2666 in·

120 2700 275 2758 citomenta
294 2721 352 2777 pro
373 2701 456 2759 nobis
478 2712 564 2760 snnt:
594 2703 683 2760 nnlia
704 2703 856 2762 Romanos
876 2703 1008 2782 conjuges
1028 2724 1076 2762 oc·

120 2795 261 2864 cendant‚·
276 2797 353 2854 nniii
357 2808 493 2873 parentes
495 2799 610 2876 fingam
619 2799 898 2875 enprobrotnrisant
905 2823 918 2867 ;
934 2800 1077 2857 antnnlla

117 2891 263 2969 plerisque
271 2893 388 2966 patria,
398 2903 450 2950 ant
464 2895 527 2952 otia
543 2905 599 2953 est.-
610 2914 723 2970 poncos
734 2914 860 2965 nnmero,
870 2895 978 2953 circam
991 2894 1077 2969 trepi-

121 2985 173 3042 dos
185 2987 364 3060 ignorantia,
381 2987 481 3046 calnm
500 2990 596 3064 ipsam
615 3010 650 3048 ac
663 3011 744 3048 mare
757 3001 783 3047 et
796 2990 895 3057 siloas,
904 2990 1008 3063 ignota
1018 3007 1077 3045 om·

120 3081 173 3138 nio
195 3081 466 3155 circumspectantes,
480 3083 592 3141 clamos
611 3084 820 3160 quodammodo
840 3104 876 3142 oc
895 3084 1003 3140 vinctos
1033 3081 1077 3139 dii

120 3176 203 3234 nobis
223 3173 416 3234 tradiderant.
458 3177 504 3234 Ne
517 3187 621 3235 terreat
634 3199 726 3237 oanns
739 3188 869 3254 aspectas
887 3188 913 3234 et
932 3176 1001 3234 anri
1010 3176 1076 3254 fab
1176 3244 1183 3255 Ι

119 3291 176 3348 gor
195 3280 282 3347 atqne
301 3269 426 3344 argenti,
443 3269 521 3345 qnod
543 3290 631 3345 neque
652 3271 733 3346 tegit,
752 3291 839 3347 neqne
860 3272 1000 3330 oninerot.
1041 3272 1078 3330 In

122 3368 189 3443 ipsa
210 3365 336 3424 hostiam
357 3365 420 3423 acie
440 3364 616 3422 inveniemus
637 3376 750 3423 nostras
771 3386 899 3426 manns:
925 3380 1078 3444 &nomene

123 3460 265 3523 Britanni
274 3481 358 3519 snam
368 3479 509 3520 cansam:
524 3460 749 3519 recordabantnr
759 3462 844 3521 Galli
851 3465 981 3540 priorem
992 3466 1077 3524 liber-

122 3567 229 3616 tatem:
245 3555 371 3615 deserent
380 3557 446 3615 iilos
459 3557 544 3615 ceteri
560 3555 711 3626 Germani,
721 3567 868 3633 tamqnam
876 3579 967 3635 nuper
982 3560 1076 3638 Unctis

121 3653 305 3731 reliqueram.
347 3653 407 3712 Nec
424 3652 583 3730 qnidqnam
599 3653 679 3711 nitra
685 3653 881 3731 formidinis.-
905 3675 998 3714 oacno
1014 3676 1075 3715 cos·

122 3748 202 3821 rato,
220 3768 318 3810 scnnm
334 3747 461 3819 mimia,
479 3749 554 3808 inter
573 3749 650 3808 maie
666 3759 801 3826 parentes
819 3760 847 3810 et
866 3750 969 3829 injuste
988 3752 1076 3831 imae·
