2394 4328
324 358 603 401 sericeum—cnr.
620 359 867 404 xxxin-xxxvi.
1037 349 1078 411 4⁷

123 512 190 551 cora
213 501 356 561 recensete,
380 501 486 549 vernos
509 491 602 550 aonios
626 492 812 568 interrogate.
858 494 889 553 Ii
911 506 987 565 anat,
1010 516 1080 573 quos

122 588 259 665 prasino
267 607 353 656 ππιισ,
361 606 450 645 onom
458 587 598 662 legionem
595 587 685 665 farto
692 589 783 646 noctis
790 591 1079 665 aggressurum

123 682 303 741 debellatrice
323 683 349 740 ii
362 691 514 741 σσισιονππι
529 683 946 762 Βσιισππσσππιῂςπσιιιιπιι,
961 686 1079 762 ideoque

123 789 183 836 tom
198 778 251 836 dio
262 780 435 854 srperetites.
480 774 629 854 anrnodo
642 780 733 839 σι’ἰπσσ
747 781 893 873 saltusque
901 784 1105 861 penetranti-
1089 766 1157 862 ys·
1161 774 1196 841 l

123 874 174 930 bas
182 873 381 982 fortissipsnm
398 874 528 965 qoqdqne
547 875 660 949 αππιισί
675 846 787 949 robore,
800 877 918 951 pavido
932 887 958 935 et
971 878 1076 937 ι”πινιίσ
1156 898 1167 907 ··

121 969 185 1046 ipso
197 970 326 1045 agminis
339 990 407 1028 sorio
415 969 531 1046 pellent
531 990 577 1040 ur,
585 970 626 1027 sie
640 957 777 1028 acerrimi
791 972 1077 1049 Britannorumjam

121 1066 242 1142 pridem
254 1065 432 1124 ceciderant.-
451 1066 578 1141 reliquae
591 1076 632 1123 ert
646 1084 778 1122 πππισσπι
792 1066 968 1140 maerorum
983 1079 1010 1125 et
1021 1088 1078 1127 me-

121 1162 272 1229 tuentium,
286 1180 356 1237 quos
371 1159 447 1237 qood
466 1159 582 1217 tandem
600 1159 759 1241 incepistis,
773 1180 830 1217 non
843 1164 1015 1233 restiterunt,
1029 1163 1079 1222 sed

122 1255 292 1354 deprehensi
309 1265 387 1317 sont·
392 1255 562 1323 novissimir
583 1233 652 1315 idei
667 1265 792 1313 eatremo
808 1265 887 1313 meta
899 1277 1019 1332 corporo
1032 1258 1079 1316 de-

120 1334 256 1445 floreres
230 1344 261 1408 sit
271 1351 319 1408 bis
329 1371 375 1409 oea
377 1351 470 1426 ttgtts,
481 1351 512 1408 ιἰι
523 1351 626 1427 quibua
627 1349 786 1426 pulchram
796 1360 823 1407 et
833 1352 1054 1426 spectabilem
1024 1372 1080 1411 oto·

122 1430 231 1504 tortoris
245 1446 370 1504 ederetis
418 1446 584 1522 Tronaigite
597 1467 661 1504 cum
676 1445 920 1520 aspectantem.-
944 1448 1080 1523 imponite

123 1542 338 1619 quinquaginta
357 1543 444 1600 annis
463 1563 604 1618 magnam
622 1542 719 1601 diem.-
743 1542 903 1618 approbare
916 1543 1080 1618 reipublice

122 1657 270 1713 nonquam
289 1637 426 1696 enercitoi
443 1638 586 1714 imputari
602 1639 731 1714 potuisse
751 1649 804 1696 aot
822 1658 919 1697 morae
938 1639 1008 1697 betti
1026 1649 1079 1698 ast

122 1753 225 1790 σσπσιισ
241 1731 411 1791 rebellandi.

23 1846 53 1865 ·’-
75 1844 78 1851 ’
136 1855 145 1885 ,·
162 1828 297 1887 XXXV.
318 1828 359 1886 Et
376 1830 545 1905 alloquente
565 1827 662 1886 adhuc
677 1828 824 1907 Agricola
839 1828 968 1887 militum
990 1827 1080 1887 ardor

124 1923 282 1994 eminebat,
292 1937 322 1982 at
334 1924 424 1982 finem
436 1923 577 1982 orationis
588 1923 695 2000 ingens
706 1923 843 1983 alacritas
853 1935 1013 1983 consecuta
1023 1928 1079 1993 est,

124 2019 284 2096 statimque
302 2020 340 2077 ad
358 2040 440 2077 arma
455 2019 631 2078 discursum.
672 2019 832 2076 Instinctos
844 2031 1025 2095 ruentesque
1039 2016 1081 2077 ita

124 2113 280 2192 disposuit,
293 2127 327 2170 ut
343 2114 479 2191 peditum
497 2113 618 2181 auxilia,
633 2132 699 2188 quae
717 2125 785 2170 octo
802 2112 896 2169 millia
912 2124 1004 2180 erant,
1018 2131 1080 2171 me·

124 2209 207 2266 diem
224 2209 320 2266 aciem
336 2208 496 2276 firmarent,
511 2207 645 2283 equitum
658 2207 714 2263 tria
730 2206 823 2264 millia
836 2206 973 2263 cornibus
989 2206 1081 2265 affuu·
1137 2228 1139 2233 ·

125 2304 282 2362 derantur:
296 2302 432 2380 legiones
441 2322 498 2380 pro
507 2301 585 2359 vallo
597 2313 717 2369 stetere,
727 2301 834 2378 ingens
844 2300 976 2360 victoriae
988 2300 1081 2362 dacus

125 2399 202 2457 citra
219 2398 390 2456 Romanum
407 2396 585 2474 sanguinem
599 2395 732 2464 bellanti,
747 2409 777 2455 et
791 2395 937 2455 auxilium
950 2396 975 2455 si
988 2398 1081 2476 pelle·

124 2507 236 2552 rentur.
277 2492 490 2551 Britannorum
501 2490 589 2559 acies,
598 2491 628 2548 in
639 2491 771 2571 speciem
783 2491 872 2549 simul
881 2511 916 2551 ao
927 2504 1081 2565 terrorem,

125 2587 302 2650 editioribu‘s
319 2590 392 2648 locis
408 2588 581 2648 constiterat
598 2587 649 2657 ita,
663 2599 696 2646 ut
711 2587 842 2666 primum
860 2607 968 2666 agmen
983 2609 1080 2668 aequo,

125 2687 218 2744 ceteri
228 2706 283 2764 per
293 2684 405 2744 acclive
414 2685 526 2763 jugum
539 2683 664 2743 connexi
673 2685 755 2743 velut
763 2683 951 2763 insurgerent
956 2709 965 2756 ;
980 2684 1081 2745 medis

92 2814 98 2825 ·
126 2781 223 2858 campi
234 2780 400 2839 covinarius
414 2792 445 2839 et
458 2799 550 2856 eques
563 2779 690 2856 strepitu
705 2799 740 2837 ac
754 2778 892 2838 discursu
902 2780 1080 2857 complebat.

127 2877 206 2934 Tum
220 2876 372 2952 Agricola,
387 2887 546 2952 superante
561 2874 688 2932 hostium
705 2874 904 2943 multitudine,
919 2874 1029 2932 veritus
1041 2894 1081 2933 ne

125 2969 214 3028 simul
230 2968 261 3024 in
278 2968 409 3025 frontem
426 2968 515 3027 simul
531 2980 562 3025 et
578 2970 674 3025 latera
690 2988 809 3026 suorum
826 2981 1019 3046 pugnaretur,
1037 2967 1080 3027 di·

125 3063 223 3121 ductis
238 3061 402 3131 ordinibus,
416 3083 595 3138 quamquam
613 3063 777 3140 porrectior
795 3063 874 3122 acies
891 3063 992 3120 futura
1008 3074 1081 3134 erat,

125 3172 156 3217 et
168 3157 352 3216 arcessendos
365 3156 504 3233 plerique
517 3157 641 3231 legiones
655 3156 860 3225 admonebant,
877 3155 1027 3234 promtior
1049 3156 1081 3215 in

124 3273 210 3332 spem
228 3264 259 3310 et
276 3251 380 3308 firmus
398 3249 538 3318 adversis,
552 3248 673 3307 dimisso
690 3270 767 3326 equo
780 3250 874 3327 pedes
888 3264 957 3309 ante
971 3251 1082 3313 vexilla

125 3347 263 3408 constitit.
1102 3406 1110 3413 .

165 3442 317 3502 XXXVI.
336 3443 385 3510 Aa
405 3442 503 3521 primo
521 3459 682 3518 congressu
698 3440 815 3501 eminus
836 3443 1020 3504 certabatur:
1042 3445 1080 3506 si·

126 3541 189 3599 mul
204 3538 378 3609 constantie,
392 3537 481 3597 simul
499 3551 562 3597 arte
580 3536 725 3607 Britanni,
740 3536 911 3614 ingentibus
923 3539 1032 3617 gladiis
1049 3552 1080 3601 et

127 3634 269 3695 brevibus
290 3635 385 3706 catria
407 3634 533 3705 missilia
552 3645 723 3693 nostrorum
739 3633 842 3703 vitare,
857 3636 906 3693 vel
926 3649 1079 3709 excutere,

129 3740 220 3811 elque
240 3730 300 3812 ipsi
323 3751 462 3811 magnam
484 3731 545 3791 vim
568 3731 696 3793 telorum
719 3729 953 3812 superfundere,
982 3731 1080 3793 donee
