2394 4328
310 404 384 444 vrrs
409 399 686 442 asamona-cnr.
705 399 873 440 xvc-xva
1031 379 1072 439 37

159 534 247 594 XVI.
269 534 327 592 His
353 547 442 611 atque
464 532 570 590 talibus
595 531 721 589 invicem
746 529 885 598 instincti,
911 528 1072 597 Boadicea,

119 631 237 708 generis
251 630 327 709 regii
337 630 458 698 femina,
470 629 546 686 duce
557 630 671 707 (neque
686 626 765 685 enim
780 645 886 684 sexum
897 624 927 682 in
939 622 1072 702 imperiis

119 725 300 804 discernunt)
329 746 461 785 sumsere
488 724 619 782 universi
646 725 777 782 bellurn:
810 744 844 781 ac
872 741 990 800 sparsos
1017 738 1073 799 per
1128 798 1136 807 Ὦ

119 823 237 879 castella
262 821 374 879 milites
402 821 571 889 consectati,
596 819 773 897 expugnatis
798 817 953 897 praesidiis,
977 816 1072 894 ipsam

120 918 264 975 coloniam
277 918 421 986 invasere,
435 929 467 973 ut
481 915 584 973 sedern
598 915 764 973 servitutis:
784 935 841 972 nec
854 915 948 971 ullum
962 913 992 970 in
1005 912 1073 969 bar·

118 1012 197 1069 baris
222 1011 343 1070 saevitiae
368 1032 462 1089 genus
487 1011 585 1068 omisit
608 1010 653 1068 ira
676 1022 706 1067 et
724 1009 856 1068 victoria.
903 1006 1073 1078 Quodnisi

118 1107 263 1165 Paulinus
290 1106 408 1183 cognito
431 1105 591 1183 provinciae
617 1118 700 1162 motu
723 1125 849 1182 propere
877 1104 1073 1173 subvenisset,

119 1201 227 1259 amissa
241 1201 395 1259 Britannia
408 1200 501 1258 foret:
523 1220 612 1276 quam
630 1200 717 1256 unius
734 1198 833 1278 proelii
847 1200 964 1256 fortuna
979 1197 1074 1256 veteri

121 1295 272 1374 patientiae
293 1295 431 1363 restituit,
449 1294 618 1352 tenentibus
639 1314 719 1351 arma
735 1293 895 1373 plerisque,
913 1312 986 1369 quos
1007 1311 1075 1350 con·

120 1391 246 1450 scientia
266 1390 439 1449 defectionis
460 1403 491 1449 et
506 1390 631 1469 propius
653 1411 692 1448 ex
708 1392 809 1468 legato
830 1390 918 1447 timor
938 1388 1075 1467 agitabat.

120 1487 181 1544 Hic
204 1507 271 1545 cum
294 1486 434 1564 egregius
456 1499 565 1552 cetera,
588 1499 762 1564 arroganter
784 1486 814 1542 in
837 1485 963 1554 deditos,
985 1496 1024 1555 et,
1041 1496 1075 1543 ut

118 1603 179 1640 suae
191 1603 308 1660 qnoque
320 1582 434 1660 injuriae
445 1584 533 1651 ultor,
546 1581 648 1641 durius
662 1583 841 1651 consuleret,
852 1580 959 1638 missus
969 1580 1075 1638 Petro·

119 1679 184 1737 nius
196 1679 398 1758 Turpilianus,
410 1691 562 1756 tamquam
577 1678 764 1747 exorabilior,
775 1690 805 1736 et
815 1676 930 1735 delictis
944 1676 1073 1734 hostium

118 1795 213 1833 novus
225 1796 321 1853 eoque
332 1775 516 1853 poenitentiae
526 1774 636 1843 mitior,
648 1773 820 1852 compositis
830 1772 989 1851 prioribus,
1000 1771 1073 1828 nihil

118 1871 194 1928 ultra
208 1892 306 1941 ausus,
317 1870 469 1928 Trebellio
481 1871 618 1928 Maximo
628 1869 812 1949 provinciam
826 1867 956 1926 tradidit.
999 1866 1074 1924 Tre-

118 1964 223 2023 bellius
238 1965 365 2044 segnior,
381 1980 411 2031 et
421 1966 511 2024 nullis
526 1978 689 2023 castrorum
703 1963 922 2042 experimentis,
935 1962 1074 2021 comitate

118 2060 244 2136 quadarn
256 2059 381 2119 curandi
392 2060 577 2138 provinciam
587 2061 691 2117 tenuit.
727 2058 870 2121 Didicere
879 2060 944 2136 jam
956 2057 1074 2115 barbari

118 2176 239 2232 quoque
249 2155 497 2233 ignoscere,vitiis
509 2155 741 2225 blandientibus;
761 2166 790 2211 et
799 2154 983 2212 interventus
993 2150 1074 2209 civil·

119 2250 181 2308 ium
207 2270 357 2308 armorum
381 2249 510 2328 praebuit
534 2250 649 2327 justam
679 2248 812 2326 segnitiae
843 2247 1074 2306 excusationem.

119 2344 182 2403 Sed
206 2344 356 2403 discordia
378 2345 556 2415 laboratum,
582 2365 651 2403 cum
676 2356 810 2403 assuetus
836 2342 1075 2422 expeditionibus

118 2441 206 2499 miles
223 2440 285 2499 otio
302 2440 459 2499 lasciviret.
507 2440 688 2511 Trebellius,
705 2440 778 2519 fuga
795 2462 829 2499 ac
846 2441 967 2499 latebris
983 2439 1075 2500 vitata
1130 2474 1136 2481 ·

118 2537 267 2596 exercitus
280 2536 332 2607 ira,
343 2536 502 2595 indecorus
517 2550 606 2614 atque
621 2536 751 2607 humilis,
762 2536 900 2614 precario
914 2557 985 2595 mox
999 2556 1073 2615 prae-

117 2633 191 2693 fuit:
213 2655 248 2693 ac
258 2634 340 2692 velut
353 2633 442 2713 pacti,
454 2633 604 2692 exercitus
617 2633 776 2703 licentiam,
788 2633 849 2691 dux
863 2636 1000 2704 salutem,
1008 2634 1074 2692 haec

117 2729 225 2788 seditio
247 2730 310 2788 sine
332 2729 478 2809 sanguine
500 2729 590 2788 stetit.
620 2729 701 2803 ‚Nec
717 2729 837 2788 Vettius
855 2730 996 2797 Bolanus,
1014 2748 1074 2786 rna·

117 2825 255 2884 nantibus
278 2825 375 2884 adhuc
397 2825 533 2884 civilibus
555 2825 652 2894 bellis,
669 2825 790 2904 agitavit
808 2825 993 2884 Britanniam
1015 2823 1072 2881 dis·

118 2920 247 2999 ciplina:
278 2919 385 2978 eadem
409 2919 518 2978 inertia
544 2941 617 2998 erga
640 2922 750 2990 hostes,
776 2920 880 2979 similis
907 2918 1075 2995 petulantia

118 3028 299 3075 castrorum:
319 3015 377 3073 nisi
395 3015 476 3092 quod
491 3016 634 3074 innocens
648 3016 791 3085 Bolanus,
807 3027 837 3073 et
853 3013 941 3071 nullis
958 3010 1075 3070 delictis

118 3111 239 3179 invisus,
253 3109 410 3168 caritatem
424 3124 580 3188 paraverat
593 3112 659 3168 loco
674 3110 863 3169 auctoritatis.

158 3204 264 3264 XVII.
285 3203 358 3273 Sed,
369 3203 421 3260 ubi
431 3223 501 3260 cum
515 3217 616 3261 cetero
625 3205 698 3261 orbe
706 3202 910 3280 Vespasianus
922 3214 951 3259 et
960 3200 1076 3258 Britan·

119 3301 199 3359 niam
219 3296 406 3377 reciperavit,
421 3296 522 3374 magni
539 3297 639 3365 duces,
655 3297 769 3375 egregii
787 3295 947 3365 exercitus,
962 3295 1076 3355 minuta

118 3395 249 3455 hostium
260 3413 338 3473 spes.
372 3393 416 3452 Et
425 3405 569 3451 terrorem
582 3390 680 3449 statim
689 3392 786 3449 intulit
795 3391 923 3450 Petilius
935 3391 1074 3462 Cerialis,

119 3491 297 3571 Brigantum
312 3489 470 3557 civitatem,
482 3509 548 3567 quas
559 3487 800 3546 numerosissima
812 3488 973 3568 provinciae
984 3487 1074 3546 totins

118 3587 302 3668 perhibetur,
326 3606 503 3665 aggressus:
532 3585 627 3643 multa
647 3584 762 3663 proelia,
777 3597 807 3643 et
831 3584 990 3663 aliquando
1014 3604 1074 3642 non

119 3682 291 3745 incruenta:
317 3702 516 3762 magnamque
539 3681 717 3760 Brigantum
739 3695 853 3760 partem
877 3695 927 3741 aut
950 3680 1074 3740 victoria

119 3780 283 3860 amplexus,
298 3790 350 3840 aut
369 3779 457 3837 bello.
506 3777 551 3836 Et
573 3797 642 3836 curn
659 3776 786 3836 Cerialis
808 3777 929 3855 quidem
955 3776 1075 3835 alterius
