2394 4328
298 400 340 442 nn
357 400 649 444 senatuum-css.
666 402 866 445 xoris-xum.
1019 390 1058 451 21

105 529 212 607 quibus
222 530 369 610 Marsigni
378 532 489 590 etBuri
498 553 635 591 sermone
645 535 786 612 cultuque
795 535 910 594 Suevos
918 535 1060 595 referunt.

104 626 250 686 Gothinos
271 628 397 697 Gallica,
416 628 492 687 Osos
513 629 689 688 Pannonica
709 630 821 708 lingua,
839 631 976 710 coarguit
999 652 1060 691 non

102 741 168 779 esse
182 723 360 794 Germanos,
375 736 405 782 et
422 723 502 801 quod
517 724 626 783 tributa
642 725 810 804 patiuntur:
832 738 950 806 partem
967 726 1058 786 tribu·

102 827 198 875 torum
219 818 373 890 Sarmatas,
386 832 504 897 partem
522 819 636 891 Quadi,
654 833 686 879 ut
703 821 879 900 alienigenis
893 821 1058 901 imponunt.

101 911 234 982 Gothini,
254 934 312 990 quo
331 915 425 992 magis
442 914 565 992 pudeat,
585 929 615 973 et
632 915 744 973 ferrum
764 916 922 976 effodiunt:
941 937 1056 976 omnes·

100 1027 159 1082 que
173 1008 204 1066 hi
217 1009 323 1086 populi
339 1030 437 1087 pauca
451 1010 673 1087 campestrium,
688 1023 823 1069 ceterum
840 1014 932 1071 saltus
946 1027 977 1071 et
991 1035 1056 1073 ver·

98 1103 172 1161 tices
186 1104 331 1162 montium
345 1105 528 1162 insederunt.
568 1105 691 1163 Dirimit
706 1106 785 1164 enim
799 1107 966 1185 scinditque
981 1109 1055 1168 Sue·

98 1197 179 1256 viam
207 1200 380 1256 continuum
406 1199 551 1257 montium
571 1200 688 1278 jugum,
714 1202 795 1259 ultra
815 1203 893 1278 quod
919 1203 1054 1280 plurimae

98 1307 206 1370 gentes
222 1306 333 1372 agunt:
354 1314 394 1352 ex
407 1295 514 1371 quibus
524 1294 667 1354 latissime
677 1307 760 1374 patet
770 1296 935 1374 Lygiorum
946 1317 1055 1356 nomen

97 1388 130 1445 in
154 1389 255 1465 plures
280 1389 415 1448 civitates
439 1389 588 1448 diffusum.
638 1390 864 1448 Valentissirnas
887 1392 1055 1450 nominasse

97 1477 232 1554 sufficiet,
247 1485 346 1556 Arios,
361 1486 560 1560 Helveconas,
578 1486 737 1556 Manimos,
752 1487 882 1563 Elysios,
901 1487 1055 1546 Naharva-

97 1579 149 1637 los.
179 1580 273 1658 Apud
281 1581 467 1639 Naharvalos
479 1582 607 1659 antiquae
617 1581 772 1660 religionis
781 1584 866 1640 lucus
877 1582 1054 1642 ostenditur.

97 1674 244 1734 Praesidet
264 1676 404 1735 sacerdos
425 1677 565 1736 muliebri
583 1691 707 1737 ornatu:
728 1678 781 1735 sed
795 1679 869 1748 deos,
883 1680 1053 1755 interprete·

96 1773 171 1829 tioss
184 1773 331 1844 Romane
350 1773 497 1833 Castorem
511 1774 715 1851 Pollucemque
731 1787 905 1832 memorant.
946 1775 995 1834 Ea
1008 1775 1053 1834 vis

95 1867 223 1940 numini3
241 1890 351 1928 nomen
361 1869 461 1928 Alcis:
480 1870 563 1927 nulla
575 1869 741 1938 simulacra,
755 1871 869 1927 nullum
884 1869 1052 1948 peregrinae

95 1965 314 2042 superstitionis
335 1965 514 2044 vestigium:
546 1978 581 2023 ut
602 1965 709 2024 fratres
733 1978 847 2034 tamen,
863 1978 896 2023 ut
914 1966 1051 2044 juvenes,

95 2073 281 2119 venerantur.
323 2059 467 2119 Ceterum
475 2059 542 2117 Arii
551 2061 737 2138 supervires,
746 2059 854 2136 quibus
862 2073 1052 2119 enumeratos

94 2156 186 2232 paulo
200 2167 269 2214 ante
283 2156 410 2234 populos
425 2153 610 2223 antecedunt,
624 2167 736 2223 truces,
750 2154 845 2212 insitae
860 2153 972 2212 feritati
987 2167 1051 2213 arte

95 2270 131 2308 ac
154 2262 292 2328 temporo
315 2249 539 2308 lenocinantur:
570 2248 770 2326 nigrsrscuta,
792 2247 885 2307 tincta
908 2268 1051 2327 corporat

95 2358 173 2404 atras
195 2346 232 2404 ad
250 2346 357 2425 proelia
376 2356 479 2403 noctes
495 2345 616 2422 legunt3
639 2343 764 2423 ipsaque
783 2343 941 2401 formidine
962 2356 1051 2422 atque

93 2443 201 2501 umbra
217 2443 319 2501 feralis
341 2441 490 2501 exercitus
507 2453 649 2500 terrorem
668 2441 807 2510 inferunt,
821 2442 904 2499 nullo
920 2440 1051 2500 hostium

94 2540 258 2599 sustinente
281 2560 390 2598 norum
415 2559 451 2597 ac
474 2539 556 2597 velut
579 2537 727 2596 infernum
755 2537 946 2616 adspectum:
979 2558 1049 2596 nam

92 2635 183 2712 primi
195 2635 225 2694 in
242 2635 378 2694 omnibus
391 2634 505 2713 proeliis
522 2634 602 2693 oculi
616 2632 783 2692 vincuntur.
825 2633 920 2691 Trans
936 2633 1050 2712 Lygios

93 2730 228 2790 Gotones
250 2743 422 2812 regnantur,
444 2732 535 2814 paulo
554 2730 620 2808 jam
644 2729 802 2788 adductius
826 2749 915 2807 quam
939 2742 1048 2787 ceterae

93 2825 310 2886 Germanorum
334 2840 448 2906 gentes,
470 2825 602 2884 nondum
628 2838 727 2884 tamen
754 2844 845 2903 supra
866 2824 1047 2882 libertatem.

93 2921 233 2980 Protinus
245 2921 353 2980 deinde
366 2922 403 2981 ab
413 2941 527 2980 oceano
538 2919 631 2998 Rugii
642 2931 673 2978 et
683 2908 834 2978 Lemovii:
853 2917 1047 2995 omniumque

91 3018 197 3090 harum
218 3017 351 3095 gentium
368 3016 494 3094 insigne,
510 3015 641 3074 rotunda
661 3028 754 3083 scuta,
768 3015 874 3072 breves
896 3012 998 3090 gladii,
1016 3024 1047 3070 et

91 3111 463 3191 ergareges'obsequium.
663 3096 666 3104 ¹

131 3207 249 3267 XLIV.
271 3205 417 3264 Suionum
429 3204 498 3261 hinc
515 3202 661 3273 civitates,
674 3203 741 3281 ipso
754 3203 786 3259 in
800 3220 921 3269 oceano,
935 3213 1047 3278 praeter

90 3304 170 3364 viros
187 3321 330 3378 armaque
348 3298 490 3359 classibus
504 3298 618 3355 velent:
640 3296 736 3354 forma
751 3296 871 3354 navium
888 3316 925 3353 eo
939 3294 1045 3365 differt,

91 3398 172 3480 quod
191 3398 330 3475 utrinque
350 3415 441 3475 prora
460 3405 595 3472 paratam
617 3411 738 3470 semper
761 3391 897 3469 appulsui
916 3391 1045 3452 frontem

91 3496 169 3575 agit:
189 3515 246 3552 nac
259 3493 335 3552 velis
349 3491 559 3560 ministrantur,
570 3506 626 3547 nec
641 3507 738 3546 remos
751 3486 783 3544 in
797 3485 931 3545 ordinem
945 3489 1045 3546 lateri·

91 3592 147 3651 bus
164 3591 339 3669 adjungunt.
380 3587 525 3656 Solutum,
540 3597 575 3643 ut
590 3584 621 3642 in
639 3582 817 3662 quibusdam
834 3583 996 3655 fluminum,
1014 3598 1045 3644 et

62 3689 67 3698 '
90 3687 242 3757 mutabile,
260 3697 293 3745 ut
311 3704 360 3743 res
381 3682 485 3762 poscit,
502 3681 572 3740 hinc
593 3683 641 3739 vel
663 3679 745 3739 illinc
770 3679 937 3758 remigium.
987 3681 1045 3740 Est

91 3781 172 3861 apud
187 3780 255 3841 illos
276 3792 307 3840 et
324 3778 430 3859 opibus
446 3780 550 3847 honos,
569 3797 666 3856 eoque
683 3797 759 3835 unus
777 3775 936 3856 imperitat,
953 3777 1044 3837 nullis
