2394 4328
129 369 172 428 40
414 384 441 425 c.
464 383 639 425 coansmus
661 381 804 423 merrus.

128 534 268 592 curaque,
288 526 322 587 ut
345 515 426 571 nulla
449 526 518 572 enta
540 512 702 570 Britanniae
726 533 804 570 nova
825 532 909 591 pars,
922 508 1079 570 illacessita

126 609 282 670 transistis,

164 704 254 763 XXI.
276 704 411 780 Sequens
425 703 519 759 hiems
536 700 740 759 saluberrimis
758 700 887 758 consiliis
920 699 1079 758 absumta:

126 819 265 876 namque,
279 811 311 856 ut
326 798 463 856 homines
477 797 604 875 dispersi
624 817 658 854 ac
674 796 772 864 rudes,
787 816 883 872 eoque
899 796 928 852 in
943 796 1023 853 bella
1037 795 1079 852 fa·

127 894 208 963 ciles,
218 895 310 971 quieti
322 907 353 952 et
364 893 423 951 otio
434 913 489 970 per
497 893 662 969 voluptates
674 904 887 960 assuescerent,
899 891 1008 947 hortari
1018 892 1078 968 pri·

126 991 228 1060 vatim,
244 991 386 1069 adjuvare
405 988 534 1067 publice,
553 1000 586 1044 ut
602 989 723 1064 templa,
742 986 814 1054 fora,
827 985 930 1043 domus
945 999 1079 1043 exstrue·

127 1098 201 1154 rent,
210 1085 361 1142 laudando
372 1094 510 1162 promtus,
534 1095 564 1140 et
583 1081 755 1160 castigando
764 1100 886 1158 segnes:
905 1081 947 1138 ita
956 1082 1079 1139 honoris

127 1179 276 1237 aemulatio
286 1199 340 1256 pro
354 1178 530 1235 necessitate
545 1189 617 1235 erat.
657 1176 678 1234 J
681 1197 729 1234 am
740 1196 812 1233 vero
822 1175 991 1253 principum
1001 1176 1079 1233 filios

127 1275 302 1333 liberalibus
316 1275 428 1332 artibus
442 1274 570 1343 erudire,
583 1286 613 1332 et
624 1273 743 1351 ingenia
752 1274 963 1331 Britannorum
974 1273 1080 1330 studiis

108 1371 109 1375 ’
128 1368 287 1426 Gallorum
305 1368 459 1438 anteferre,
474 1381 514 1436 ut,
529 1368 579 1446 qui
595 1368 683 1426 modo
697 1370 829 1446 linguam
843 1369 1010 1426 Romanam
1030 1369 1079 1425 ab·

127 1464 267 1533 nuebant,
277 1465 476 1540 eloquentiam
487 1464 733 1541 concupiscerent.
774 1463 849 1520 Inda
861 1464 950 1520 etiam
960 1463 1079 1520 habitus

127 1555 221 1612 nostri
235 1556 329 1614 honor
344 1568 374 1614 et
386 1556 525 1632 frequens
540 1569 628 1634 toga:
649 1557 849 1634 paulatimque
864 1557 1027 1615 discessum
1042 1557 1078 1614 ad

106 1663 108 1669 '
128 1648 320 1709 delinimenta
336 1651 484 1719 vitiorum,
503 1651 636 1729 porticus
653 1664 684 1709 et
700 1653 809 1710 balnea
829 1665 859 1710 et
879 1653 1079 1710 conviviorum

128 1746 326 1822 elegantiam:
350 1745 440 1823 idque
458 1746 537 1823 apud
555 1746 708 1823 imperitos
724 1748 893 1805 humanitas
909 1749 1079 1816 vocabatur,

129 1859 197 1896 cum
211 1861 278 1916 pers
292 1840 442 1898 servitutis
456 1853 544 1898 esset.

6 1948 9 1957 '
79 1978 84 1992 .
154 1926 271 1992 'XXII
294 1935 413 1992 Tertius
428 1934 652 2012 expeditionum
671 1955 765 1993 annus
782 1955 872 1994 noves
888 1948 993 2013 gentes
1010 1955 1080 2013 ape-

128 2029 196 2098 ruit,
207 2028 325 2086 vastatis
336 2050 429 2106 usque
444 2028 483 2086 ad
495 2030 593 2087 Taum
605 2031 753 2105 (aestuario
768 2052 874 2089 nomen
889 2031 945 2106 est)
956 2030 1079 2087 nationi-

128 2123 201 2182 bus:
222 2144 281 2200 qua
290 2124 448 2182 formidine
461 2124 559 2183 territi
568 2125 678 2194 hostes,
689 2145 867 2202 quamquam
881 2126 1079 2183 conflictatum

127 2220 213 2277 saevis
224 2219 450 2297 tempestatibus
465 2220 627 2277 exercitum
638 2221 784 2278 lacessere
798 2240 858 2278 non
872 2220 950 2291 susi;
969 2241 1079 2298 ponen-

128 2314 233 2391 disque
248 2314 369 2392 insuper
385 2316 514 2374 castellis
531 2316 659 2393 spatium
673 2315 737 2373 fuit.
777 2315 971 2374 Adnotabant
982 2314 1078 2393 periti,

128 2427 188 2465 non
211 2408 302 2465 alium
320 2409 429 2468 ducem
451 2411 688 2488 opportunitates
705 2412 837 2469 locorum
858 2410 1020 2489 sapientius
1039 2411 1080 2467 le-

129 2503 220 2581 gisse;
240 2505 353 2561 nullum
363 2505 684 2584 ebAgricolapositum
693 2508 845 2565 castellum
854 2506 1078 2564 autvihostium

128 2609 341 2675 expugnatum,
365 2610 415 2656 aut
437 2599 574 2677 pactione
599 2622 633 2659 ac
655 2601 728 2679 fuga
750 2601 908 2660 desertum.
957 2601 1080 2658 Crebrae

128 2691 317 2771 eruptiones;
339 2712 408 2750 nam
423 2693 563 2752 adversus
577 2715 673 2754 moras
689 2696 847 2754 obsidionis
865 2694 968 2754 annuis
986 2696 1080 2774 copiis

127 2787 327 2846 firmabantur.
382 2787 429 2845 Ita
455 2787 604 2867 intrepida
626 2791 668 2849 ibi
691 2791 796 2861 biems,
817 2804 847 2849 et
874 2790 929 2848 sibi
954 2791 1079 2867 quisque

127 2882 274 2961 praesidio,
289 2882 378 2941 irritis
395 2883 530 2941 hostibus
547 2905 644 2961 eoque
659 2885 894 2963 desperantibus,
910 2886 980 2962 quia
999 2887 1078 2944 soliti

127 2979 303 3056 plerumque
315 2976 423 3036 damna
437 2979 546 3037 aestatis
556 2980 688 3037 hibernis
702 2982 856 3039 eventibus
870 3001 1004 3059 pensare,
1016 2996 1078 3039 tum

127 3087 230 3133 aestate
255 3086 343 3152 atque
365 3074 464 3132 hieme
488 3075 576 3151 juxte
598 3076 791 3152 pellebantur.
845 3076 914 3134 Nec
936 3078 1079 3154 Agricola

128 3189 268 3248 umquam
285 3160 341 3247 per
357 3169 431 3228 alios
448 3182 530 3247 gesta
544 3169 647 3227 avidus
663 3170 843 3250 intercepit:
865 3191 918 3229 scu
936 3173 1078 3242 centurio,

128 3287 183 3326 seu
200 3267 365 3346 praefectus,
380 3266 583 3344 incorruptum
599 3265 669 3324 facti
685 3279 792 3325 testem
808 3268 945 3326 habebat.
985 3268 1078 3345 Apud

127 3357 270 3438 quosdam
285 3360 420 3420 acerbior
432 3361 462 3418 in
477 3360 616 3420 conviciis
629 3362 819 3432 narrabatur3
842 3376 874 3421 ut
885 3363 971 3421 bonis
986 3363 1078 3420 comis

127 3467 200 3525 erat,
212 3455 253 3514 ita
265 3455 405 3514 adversus
416 3457 510 3514 malos
520 3454 714 3534 injucundus:
731 3468 864 3514 ceterum
875 3477 913 3515 ex
924 3457 1079 3516 iracundia

127 3550 200 3606 nihil
216 3563 388 3629 supererat;
409 3563 557 3608 secretum
574 3562 604 3608 et
624 3549 774 3607 silentium
792 3551 855 3628 ejus
871 3573 930 3610 nou
948 3554 1078 3630 timeres.
1145 3618 1149 3624 ,

126 3643 291 3704 Honestius
305 3645 429 3724 putabat
443 3645 603 3714 offendere,
618 3664 706 3720 quam
721 3644 829 3706 odisse.

166 3743 288 3802 XXIII.
310 3742 425 3812 Quarta
442 3755 529 3801 oestas
546 3740 722 3810 obtinendis,
737 3762 804 3817 quae
821 3754 1017 3820 percurrerat,
1033 3743 1074 3801 in·
