2394 4328
140 335 181 391 36
428 351 454 389 c.
480 350 653 391 cassamus
676 351 818 392 'suerrus

141 482 275 541 civitates
299 482 459 559 Cogiduno
486 482 552 559 regi
576 481 692 539 donatas
717 482 752 558 (is
781 481 818 538 ad
842 492 973 539 nostram
1000 501 1097 559 usquc

140 579 315 638 memoriam
323 578 480 635 fidissimus
491 578 610 654 mansit)
621 591 722 634 vetere
734 598 768 634 ac
775 578 838 654 jam
848 577 964 655 pridem
974 592 1097 656 recepta

140 673 251 752 Populi
263 674 390 731 Romani
405 673 631 742 consuetudine,
644 686 677 729 ut
688 674 814 729 haberet
825 673 1022 732 instrumenta
1035 694 1095 731 ser-

139 770 239 828 vitutis
261 782 291 827 et
314 790 409 846 reges.
450 771 526 827 Mox
544 768 654 826 Didius
671 768 779 826 Gallus
800 782 886 846 parta
908 789 925 826 a
945 769 1096 847 prioribus

140 865 292 934 continuit,
304 865 408 942 paucis
424 864 583 922 admodum
598 863 729 920 castellis
743 862 773 919 in
788 863 929 921 ulteriora
940 864 1095 941 promotis,

139 981 195 1038 per
208 981 274 1037 quae
288 960 368 1017 fama
382 960 460 1017 aucti
475 959 563 1017 officii
577 971 767 1036 quaereretur.
809 959 934 1016 Didium
945 960 1095 1017 Veranius

140 1057 267 1133 excepit,
279 1056 362 1132 isque
374 1056 450 1112 intra
465 1075 574 1112 annum
585 1054 747 1112 exstinctus
763 1067 815 1112 est.
856 1055 1014 1112 Suetonius
1026 1055 1095 1113 hinc

139 1152 284 1210 Paulinus
295 1151 415 1208 biennio
427 1170 583 1228 prosperas
598 1171 645 1208 res
660 1151 772 1220 habuit,
783 1150 912 1208 subactis
926 1151 1095 1208 nationibus

139 1247 323 1322 firmatisque
343 1245 507 1324 praesidiis:
529 1266 656 1321 quorum
677 1246 788 1303 fiducia
808 1247 933 1304 Monam
957 1246 1094 1314 insulam,

139 1354 172 1399 ut
178 1342 257 1400 vires
267 1342 430 1399 rebellibus
440 1341 664 1410 ministrantem,
675 1362 842 1419 aggressus,
852 1354 937 1419 terga
945 1341 1095 1400 occasioni

139 1438 288 1517 patefecit.

178 1533 248 1592 XV.
275 1534 415 1611 Namque
437 1535 571 1592 absentia
590 1534 683 1612 legati
703 1546 819 1592 remoto
841 1545 931 1603 metu,
957 1532 1094 1591 Britanni

140 1629 255 1707 agitare
271 1630 350 1687 inter
363 1650 396 1688 se
412 1631 489 1687 mala
502 1630 662 1698 servitutis,
678 1630 812 1688 conferre
826 1629 949 1708 injurias
964 1643 994 1686 at
1006 1629 1095 1686 inter-

138 1725 282 1802 pretando
301 1724 482 1784 accendere:
510 1726 587 1783 nihil
599 1724 708 1801 profici
724 1726 883 1801 patientia,
899 1727 958 1783 nisi
973 1736 1005 1783 ut
1022 1745 1095 1800 gra·

138 1826 229 1895 viora,
247 1835 396 1900 tamquam
416 1845 451 1882 eu
463 1824 559 1903 facili
579 1825 773 1893 tolerantibus,
791 1825 973 1900 imperentur.
1027 1824 1094 1882 Sin·

135 1920 220 1995 gulos
240 1921 297 1978 sibi
320 1922 389 1978 olim
412 1941 492 1996 reges
500 1920 607 1998 fuisse,
621 1940 696 1977 nune
718 1920 799 1977 binos
819 1920 937 1995 imponi,
956 1940 970 1976 e
992 1919 1095 1996 quibus

137 2015 251 2090 legatus
270 2017 301 2074 in
322 2017 503 2108 sanguinem,
519 2026 693 2091 procurator
713 2017 744 2073 in
761 2015 837 2073 bana
858 2017 989 2073 seviret:
1017 2035 1094 2090 eque

137 2108 313 2168 discordium
329 2112 560 2186 preposituram,
581 2130 660 2187 aque
683 2110 873 2180 concordiam,
893 2110 1024 2188 subjectis
1047 2129 1093 2166 en-

136 2205 274 2264 itiosam:
302 2207 422 2264 ulterius
441 2226 555 2275 munus,
569 2207 744 2265 centuriones
763 2207 892 2274 alterius,
906 2207 966 2264 aim
986 2217 1012 2263 et
1032 2226 1094 2263 con·

137 2302 270 2358 tumelias
296 2303 418 2360 miscere.
476 2303 563 2360 Nihil
584 2302 653 2380 jans
679 2301 846 2378 cupiditati,
870 2302 947 2359 nihil
974 2300 1094 2359 libidini

136 2405 289 2469 exceptam.
330 2398 366 2453 In
377 2398 482 2472 prelio
492 2397 648 2472 fortiorem
666 2418 731 2466 esse,
750 2399 800 2473 qui
816 2398 938 2474 spoliet:
961 2417 1034 2456 nanc
1054 2397 1092 2454 ab

136 2493 253 2567 manis
257 2493 427 2569 plerumque
436 2494 631 2552 etimbellibus
640 2496 715 2570 eripi
723 2495 830 2565 domos,
840 2488 973 2553 abstrahi
981 2494 1092 2562 liberos,

136 2587 252 2663 injungi
263 2586 393 2655 delectus,
405 2599 554 2666 tamquam
564 2591 762 2649 maritantem
771 2611 828 2666 pro
836 2592 941 2667 patria
948 2591 1093 2649 nescienti·

136 2683 195 2740 bus.
244 2682 392 2757 Quantum
412 2685 487 2741 enim
509 2686 643 2743 transisse
667 2687 804 2756 rnilitum,
826 2688 852 2744 si
875 2708 933 2746 sese
953 2687 1094 2745 Britanni

135 2779 305 2837 numerent?
325 2780 365 2836 sic
380 2780 555 2838 Germanias
569 2783 843 2862 eamcssissejugum,
858 2783 1022 2860 etflurnine,
1036 2802 1092 2839 nen

134 2894 248 2945 oceano,
262 2874 397 2953 defendi:
420 2876 478 2933 sibi
486 2879 631 2951 patriam,
645 2879 785 2957 conjuges,
794 2890 931 2958 parentes
947 2880 1007 2937 illis
1022 2899 1092 2936 aaa·

134 2973 237 3030 ritiam
257 2983 284 3029 et
304 2973 454 3030 luxuriam
474 2993 578 3031 causas
594 2975 663 3031 belli
679 2995 755 3033 esses
777 2995 942 3045 recessuros,
959 2987 991 3033 ut
1007 2975 1093 3033 dicus

135 3067 233 3129 Julius
253 3070 415 3138 recessisset,
430 3069 515 3126 modo
535 3071 655 3127 uirtutes
674 3071 819 3149 majorum
839 3092 956 3130 marum
973 3071 1091 3130 emula·

134 3176 239 3223 rentur.
282 3166 361 3223 Neve
369 3164 469 3240 praelii
482 3165 567 3221 unius
580 3175 633 3221 aut
646 3165 767 3224 alterius
777 3177 876 3225 sumtu
891 3178 1092 3244 pavescerent:

131 3260 200 3335 plus
209 3263 339 3337 impetus,
348 3259 486 3337 majorem
495 3262 696 3330 constantiam,
702 3282 790 3336 penas
799 3264 918 3320 miseros
928 3282 992 3321 esse.
1021 3263 1093 3323 Jani

108 3372 111 3377 ·
135 3355 344 3414 Britannorum
370 3357 458 3413 etiam
480 3356 545 3413 deos
568 3357 705 3425 maneri,
728 3358 779 3432 qui
800 3358 969 3417 Raraunum
993 3358 1092 3419 ducem

134 3450 286 3521 absentem,
296 3453 347 3528 qui
356 3452 517 3526 relegatum
527 3453 559 3508 in
571 3451 635 3508 alia
646 3451 743 3509 insula
755 3453 908 3512 exercitum
919 3454 1092 3514 detinerent:

132 3547 202 3622 jam
227 3547 312 3622 ipsos,
338 3547 414 3622 qaod
441 3546 642 3624 difficillimum
659 3545 767 3623 fierit,
793 3547 974 3608 deliberare:
1001 3570 1092 3625 perro

133 3641 166 3699 in
189 3642 327 3719 ejusmodi
350 3642 477 3701 consiliis
496 3641 687 3721 periculosius
710 3662 767 3701 esse
790 3642 976 3723 deprehendi,
999 3664 1088 3722 quam

132 3737 246 3798 undae.
