2394 4328
135 319 177 375 ts
423 332 450 372 c.
470 330 644 372 coraustus
666 328 810 373 rastros.

134 476 230 524 rantes
254 484 334 539 agra
353 463 513 538 municipia
532 473 559 519 et
573 461 781 520 discordantia.
823 463 885 521 Hic
898 464 966 533 dua,
982 464 1029 522 tte
1044 484 1090 522 en·

135 563 255 621 orcitus:
278 560 321 617 ibi
335 559 444 616 tributa
461 568 487 616 et
500 559 621 616 metalla
635 569 661 615 et
675 568 771 616 cetera
784 560 966 618 seruientium
975 581 1088 635 pana;

135 677 206 733 quas
224 657 255 714 in
272 665 407 713 aternum
420 654 558 732 perform,
573 665 625 711 aut
641 655 740 711 statim
757 655 856 712 ulcisci
873 656 904 712 in
920 657 972 715 hoc
988 677 1091 730 campo

135 763 182 810 est.
223 750 362 821 Proinde,
376 751 450 808 ituri
467 752 498 808 in
512 751 612 820 aciem,
627 760 653 807 et
666 750 789 826 majores
803 761 908 808 uestros
923 762 949 808 et
961 763 1090 827 posteros

136 848 265 925 rogitate.

172 942 327 1001 XXXIII.
348 942 510 1021 Excepere
520 940 686 1003 orationem
697 941 812 1000 alacres
823 955 853 999 at
863 942 983 1000 barbari
998 944 1090 1001 moris

134 1051 223 1097 cantu
237 1051 268 1097 et
281 1037 403 1096 fremitu
420 1036 659 1113 clamoribusque
675 1036 812 1094 dissonis.
851 1036 981 1115 Jamque
997 1039 1088 1116 agmi-

133 1148 215 1202 na,et
230 1154 379 1192 armorum
395 1132 531 1211 fulgores
546 1131 751 1191 audentissimi
765 1132 908 1210 cujusque
922 1153 1088 1212 procursu:

133 1230 221 1289 simul
230 1231 429 1289 instruebatur
440 1229 536 1298 acies;
555 1249 623 1286 cum
634 1229 786 1305 Agricola,
799 1248 977 1306 quamquam
987 1231 1090 1289 laetum

135 1338 166 1384 et
181 1326 232 1384 vix
249 1324 441 1383 munimentis
459 1325 622 1383 coercitum
639 1323 763 1382 militem
781 1324 958 1395 adhortatus,
973 1325 1017 1383 ita
1030 1326 1088 1383 dis·

135 1422 245 1481 seruit:
271 1424 398 1481 Octavus
417 1441 509 1478 annus
528 1431 576 1489 est,
591 1421 803 1490 commilitones,
818 1441 852 1478 ea
867 1441 921 1498 quo
940 1423 1044 1479 uirtute
1063 1432 1089 1479 et

133 1518 273 1593 auspiciis
291 1517 408 1593 imperii
424 1516 555 1573 Romani
565 1514 633 1590 fide
650 1525 735 1591 atque
753 1536 840 1591 opera
857 1527 952 1574 vestra
967 1517 1088 1574 Britan·

133 1613 215 1669 niam
229 1613 347 1669 vicistis.
395 1611 449 1668 Tot
462 1609 697 1685 expeditionibus,
713 1621 753 1667 tat
768 1611 892 1685 proeliis,
907 1631 955 1668 seu
962 1611 1087 1688 fortitu-

133 1706 201 1764 dine
214 1706 352 1763 aduersus
365 1706 464 1774 nostes,
479 1724 527 1762 seu
535 1706 683 1780 patientia
700 1726 734 1762 ac
748 1706 846 1763 labore
854 1726 938 1781 pane
952 1706 1088 1765 aduersus

133 1802 230 1877 ipsam
243 1821 338 1858 rerum
351 1810 487 1859 naturam
502 1800 651 1877 opusfnit.
694 1801 991 1878 Neqaememilitum,
1000 1821 1090 1877 neque

133 1916 184 1955 uos
201 1896 282 1955 dinis
296 1897 443 1972 poenituit.
484 1896 571 1971 Ergo
585 1897 700 1971 egressi,
716 1916 767 1972 ego
782 1907 904 1954 ueterum
918 1896 1088 1972 legatarum,

133 2011 183 2050 uos
203 1993 338 2069 priorum
367 1991 538 2049 exercituum
560 1993 703 2060 terminos,
722 1990 816 2066 finem
837 1992 1012 2061 Britannia,
1033 2013 1090 2051 non

132 2087 238 2166 fama,
256 2107 306 2146 nec
323 2107 444 2157 rumore,
457 2087 507 2144 sed
520 2088 623 2144 castris
642 2098 669 2144 ct
687 2087 779 2144 armis
796 2098 926 2145 tenemus.
968 2088 1112 2165 Dicente·

134 2183 304 2254 Baitannia,
317 2193 344 2241 et
355 2183 484 2241 subacta.
525 2183 675 2259 Equidem
688 2203 762 2257 sape
774 2183 806 2240 in
819 2184 944 2258 agmine,
959 2203 1024 2242 cum
1039 2204 1089 2242 uos

132 2279 260 2357 paludes
271 2289 409 2338 montesve
418 2289 445 2337 et
454 2279 588 2353 flumina
596 2278 778 2356 fatigarent,
782 2278 945 2356 fortissimi
955 2278 1090 2356 cujusque

133 2397 211 2435 uoces
232 2377 398 2445 audiebam,
422 2374 554 2446 Quando
579 2374 697 2432 dabitur
717 2374 819 2444 hostis,
844 2373 964 2451 quando
986 2375 1088 2434 acies?
1150 2450 1154 2459 .

140 2472 271 2541 Veniunt,
282 2491 297 2529 e
308 2470 426 2528 latebris
438 2471 498 2528 suis
512 2471 636 2537 enteasi;
653 2481 679 2529 et
692 2480 760 2528 uota
775 2470 920 2547 uirumque
932 2472 969 2549 in,
978 2481 1087 2546 aperto,

133 2567 285 2643 omniaque
306 2586 405 2641 prona
426 2552 589 2635 uictoribus,
611 2576 699 2641 atque
724 2565 824 2623 eadem
847 2564 934 2623 uictis
954 2565 1087 2623 aduersa.

135 2664 225 2733 Nam,
238 2673 271 2720 ut
283 2681 430 2738 superasse
443 2671 555 2719 tantum
567 2662 689 2731 itineris,
703 2661 795 2719 siluas
808 2662 937 2729 euasmse,
951 2661 1085 2719 transisse

134 2758 283 2827 actuaria,
288 2758 445 2833 panarum
458 2776 493 2814 aa
503 2757 634 2815 decorum
645 2757 829 2835 infe-antem·
852 2756 1088 2835 itafugientibus

133 2852 387 2929 periculosissima,
402 2872 465 2930 qua
479 2852 564 2910 totta
572 2853 772 2928 prosperrima
784 2863 858 2911 sunt.
900 2853 997 2928 illeque
1011 2853 1088 2910 enim

132 2948 214 3007 nobis
232 2959 285 3007 aut
302 2950 427 3006 iocorum
448 2948 547 3006 eadem
567 2949 673 3007 notitia
688 2958 741 3005 aut
761 2957 966 3005 commeatuum
986 2947 1085 3005 eadem

133 3044 317 3103 abundantia
325 3066 339 3111 ‚·
361 3043 412 3101 sed
430 3063 533 3101 ananus
551 3053 578 3101 et
594 3064 681 3101 arma
699 3054 726 3101 et
743 3044 775 3101 in
792 3043 840 3101 Itis
852 3043 958 3101 omnia.
1001 3032 1088 3124 Quod

133 3140 233 3217 adme
245 3141 355 3225 attinet,
361 3140 431 3217 jam
441 3138 559 3215 pridem
573 3140 646 3198 milti
658 3139 799 3197 decretum
813 3149 865 3208 est,
877 3158 966 3215 neque
984 3124 1087 3197 meisi

78 3238 80 3243 '
134 3238 187 3305 tus,
201 3226 289 3313 neque
306 3226 388 3294 ducis
406 3246 489 3313 terga
509 3246 572 3293 tuta
591 3256 655 3292 asse.
697 3233 829 3295 Proinde
842 3244 870 3292 et
882 3235 998 3293 ioumta
1011 3253 1088 3290 mors

133 3333 213 3407 turpi
230 3333 293 3389 uita
306 3332 424 3406 potior;
448 3342 474 3389 et
486 3331 669 3389 incolumitas
686 3351 722 3388 ac
740 3329 825 3387 decus
843 3330 941 3389 eodem
954 3330 1013 3388 loeo
1028 3329 1088 3387 sita

133 3437 217 3483 sunt:
237 3447 286 3485 nec
300 3427 562 3505 ingloriumfuerit
575 3428 606 3485 in
620 3428 684 3502 ipso
697 3436 840 3483 terrarum
853 3446 889 3485 aa
902 3423 1087 3500 naturafine

132 3520 272 3580 cecidisse.

172 3614 324 3674 XXXIV.
348 3616 383 3674 Si
396 3636 476 3675 noua
491 3627 589 3692 gentes
603 3626 688 3693 atque
706 3616 808 3691 ignota
821 3616 897 3675 acies
909 3616 1086 3684 constitisset,

114 3770 118 3779 ,
133 3709 257 3771 aliorum
271 3712 446 3771 enercituum
461 3714 596 3789 exemplis
609 3713 819 3771 oostonarer:
840 3732 917 3771 nunc
930 3721 1024 3771 satra
1038 3710 1086 3768 de·
