2394 4328
326 376 490 418 aaarcoma
514 376 837 417 vrrs.-csr.11.-111.
1022 360 1063 418 29

105 506 263 565 Helvidius
279 506 391 566 laudati
411 519 521 577 essent,
537 506 664 585 capitale
681 506 792 565 fuisse:
814 526 911 581 neque
934 506 965 563 ia
981 505 1063 585 ipsos

103 604 190 663 medo
202 617 346 676 auctores,
358 604 412 663 sed
427 605 458 662 in
469 604 561 662 libros
573 624 694 681 queque
705 622 811 661 eorum
822 602 968 671 saevitum,
979 600 1062 660 dele·

103 712 172 777 gato
192 700 354 759 triumviris
372 699 546 769 ministerio,
563 711 596 756 ut
616 711 808 757 monumenta
828 697 1062 756 clarissimorum

102 796 290 873 ingeniorum
301 796 331 854 in
343 796 464 855 comitio
476 817 510 854 ac
520 796 585 853 foro
596 794 760 854 urerentur.
794 793 917 851 Scilicet
928 793 978 851 illo
988 794 1063 873 igne

101 911 207 949 vocem
224 893 329 970 populi
344 891 474 950 Romani
492 904 523 949 et
537 891 707 949 libertatem
725 903 846 967 senatus
865 902 895 947 et
909 888 1061 953 conscien-

101 984 173 1043 tiam
196 986 315 1064 generis
331 987 454 1044 humani
477 986 592 1045 aboleri
614 970 841 1055 arbitrabantur,
860 985 993 1062 expulsis
1020 983 1062 1042 in·

101 1101 193 1159 super
214 1081 367 1160 sapientiae
389 1065 605 1159 professoribus
628 1092 717 1157 atque
739 1080 820 1137 omni
840 1080 1007 1165 bena‘afte
1031 1078 1063 1137 in

58 1248 63 1255 Ι
95 1177 227 1249 Ιθιιὶἰὶιιῐῃ
242 1190 318 1245 acta,
329 1196 367 1233 ne
379 1174 453 1253 quid
467 1195 593 1253 usquam
606 1175 765 1241 honestum
781 1186 957 1233 occurreret.
998 1175 1062 1234 De-

40 1266 43 1271 ’
101 1260 203 1328 dimus
225 1270 359 1348 prefecto
382 1270 496 1348 grande
512 1269 664 1347 patientiae
682 1269 893 1327 documentum
905 1292 915 1341 ε,
927 1268 964 1326 ‘et
986 1268 1064 1327 sieut

101 1378 187 1423 vetus
208 1378 280 1424 aetas
297 1365 371 1423 vidit
394 1364 466 1442 quid
480 1348 619 1422 ultimum
636 1364 667 1421 in
683 1347 822 1421 libertate
843 1375 931 1433 esset,
946 1364 988 1420 ita
1008 1385 1063 1423 nos

102 1460 175 1536 quid
196 1461 228 1517 in
249 1460 398 1530 servitute,
425 1460 545 1518 ademto
571 1480 628 1537 per
643 1459 850 1536 inquisitiones
871 1471 902 1516 et
919 1458 1061 1535 loquendi

102 1555 303 1637 audiendique
318 1555 521 1615 commercio..
547 1555 727 1615 Memoriam
743 1574 861 1632 queque
879 1555 975 1632 ipsam
994 1574 1062 1613 cum

101 1671 175 1709 voce
189 1632 436 1730 perdidissemus,
451 1650 476 1708 si
491 1640 597 1709 tamin
610 1663 713 1708 nostra
728 1662 876 1728 potestate
891 1662 972 1707 esset
986 1649 1060 1707 obli·

48 1750 53 1763 '
102 1738 183 1817 visci,
198 1767 289 1824 quam
303 1760 413 1805 tacere.

142 1842 201 1900 III.
223 1842 314 1901 Nunc
327 1841 450 1900 demum
467 1842 546 1901 redit
563 1841 696 1900 animus:
718 1852 749 1899 et
765 1860 946 1919 quamquam
963 1840 1061 1918 primo

103 1937 201 1997 statim
216 1937 382 1996 beatissimi
399 1937 500 1996 saeculi
517 1949 584 1995 ortu
601 1936 705 1995 Nerva
722 1937 826 1995 Oaesar
846 1957 894 1994 res
915 1936 985 1995 elim
1003 1936 1061 1993 ‹lis-

102 2033 257 2092 sociabiles
271 2033 432 2103 miscuerit,
443 2031 642 2110 principatum
654 2052 688 2089 ac
699 2032 880 2101 libertatem,
893 2042 1062 2107 augeatque

104 2129 236 2205 quotidie
250 2128 426 2185 felicitatem
439 2139 609 2203 temporum
619 2125 723 2183 Nerva
735 2126 893 2202 Trajanus,
904 2145 961 2182 nec
975 2144 1062 2201 spem

102 2223 194 2281 medo
212 2242 247 2279 ac
261 2214 364 2279 votum
380 2218 523 2278 securitas
536 2219 659 2297 publica
671 2218 724 2277 sed
740 2219 833 2296 ipsius
846 2219 905 2276 voti
920 2218 1062 2276 fiduciam

103 2338 140 2375 ac
160 2317 253 2375 robur
274 2315 452 2386 assumserit,
472 2326 579 2373 natura
598 2327 700 2372 tamen
720 2313 899 2371 infirmitatis
923 2314 1060 2372 humanas

37 2402 41 2411 ¹
103 2411 234 2470 tardiora
253 2424 322 2469 sunt
342 2409 483 2480 remedia,
501 2430 590 2488 quam
611 2409 706 2479 mala3
732 2421 772 2479 et,
790 2421 822 2467 ut
839 2429 963 2487 corpora
981 2411 1062 2469 lente

104 2519 278 2585 augescunt,
293 2506 352 2565 cito
373 2506 610 2585 exstinguuntur,
628 2505 671 2563 sic
688 2504 811 2583 ingenia
830 2505 989 2582 studiaque
1009 2526 1062 2585 op·

103 2602 247 2683 presseris
256 2602 385 2673 facilius,
398 2622 489 2680 quam
504 2601 699 2661 revocaveris.
740 2600 829 2659 Subit
842 2602 956 2681 quippe
970 2601 1061 2659 etiam

104 2698 196 2777 ipsius
213 2698 328 2757 inertias
344 2696 484 2768 dulcedo,
501 2711 532 2756 et
551 2697 647 2756 invisa
663 2697 760 2775 primo
778 2696 893 2757 desidia
909 2710 1062 2775 postremo

105 2806 228 2851 amatur.
269 2792 377 2865 Quidt
398 2794 424 2852 si
435 2814 491 2872 per
501 2792 672 2870 quindecim
686 2813 788 2862 annes,
800 2790 914 2870 grande
928 2793 1062 2851 mortalis

104 2889 160 2948 aevi
180 2889 319 2967 spatium,
340 2889 427 2947 multi
446 2888 576 2947 fortuitis
597 2888 723 2956 casibus,
744 2888 961 2966 promtissimus
982 2888 1062 2963 quis-

104 3006 164 3062 que
185 2983 299 3042 saevitia
315 2983 458 3062 principis
479 2983 716 3041 intercideruntl
757 2982 864 3051 Pauci,
885 2994 919 3039 ut
939 2982 981 3038 ita
998 2980 1060 3037 dix-

105 3081 190 3147 erim,
214 3098 275 3136 non
299 3077 389 3137 modo
414 3080 548 3147 aliorum,
573 3078 626 3137 sed
652 3078 744 3136 etiam
768 3077 862 3135 nostri
887 3074 1063 3153 superstites

104 3194 208 3235 sumus
217 3196 225 3245 ;
248 3172 374 3231 exemtis
401 3192 419 3229 e
449 3172 550 3231 media
562 3173 624 3231 vita
639 3185 681 3231 tot
699 3173 793 3239 annis,
810 3172 922 3247 quibus
934 3171 1062 3247 juvenes

106 3270 146 3330 ad
164 3278 362 3335 senectutem,
379 3286 467 3324 senes
481 3285 578 3344 prope
598 3266 636 3324 ad
653 3267 734 3343 ipsos
755 3277 871 3324 exactae
892 3265 987 3324 aetatis
1007 3277 1062 3322 ter·
1146 3302 1150 3313 ·

106 3367 213 3433 minos,
226 3384 282 3443 per
302 3361 455 3421 silentium
476 3360 621 3419 venimus.
663 3361 735 3419 Non
757 3372 856 3419 tamen
876 3360 1063 3439 pigebitve]

46 3450 49 3455 ¹
106 3459 261 3521 incondita
281 3478 317 3517 ac
336 3456 405 3517 rudi
425 3476 509 3527 rece,
527 3455 703 3514 memoriam
725 3456 833 3535 prioris
854 3458 1005 3517 servitutis
1028 3478 1063 3517 ac

107 3554 311 3615 testimonium
324 3554 519 3634 praesentium
531 3552 680 3611 bonerum
693 3553 903 3630 composuisse.
943 3552 1007 3613 Hic
1019 3553 1063 3612 ina

19 3704 23 3711 .
106 3652 196 3711 terim
215 3650 302 3720 liber,
318 3649 424 3707 honori
439 3648 590 3728 Agricolae
610 3649 705 3707 soceri
726 3647 786 3706 mei
807 3647 978 3721 destinatam,
995 3670 1063 3729 pro·

107 3744 239 3807 Mene
253 3743 372 3827 pietatis
386 3756 439 3805 aut
451 3744 590 3805 laudatus
604 3744 670 3814 erit,
685 3755 737 3804 aut
750 3756 918 3805 excusatus.
