2394 4328
237 379 401 424 AGRICOLAE
417 379 616 422 Vll'A--CAB
632 379 900 422 xum-XXXIX.
1000 365 1045 426 49

93 512 258 572 veniebant.
300 511 424 584 Quodni
440 511 581 588 frequens
597 510 708 588 ubique
725 511 869 589 Agricola
884 510 996 570 validas
1013 524 1042 571 et

91 608 246 688 expeditas
273 609 414 676 cohortes,
435 605 583 683 ipdaginis
610 605 711 675 modo,
734 618 772 675 et,
795 604 891 665 sicubi
918 606 1043 678 arctiora

90 716 307 782 erent,pa1tem
322 702 463 780 equitum,
475 700 602 759 dimissis
617 699 709 777 equis,
717 701 806 769 simul
819 700 946 759 rariores
957 701 1043 760 silvas

90 798 222 876 equitem
236 799 403 878 persultare
413 797 559 876 jussisset,
569 809 726 875 acceptum
741 796 861 875 aliquod
870 798 979 856 vulnus
988 818 1042 876 per

89 893 208 952 nimiam
230 893 370 963 fiduciam
386 893 471 951 foret.
512 892 668 961 Ceterum,
685 891 737 949 ubi
757 892 931 971 compositos
951 892 1046 968 lirinis¹

89 990 243 1049 ordinibus
258 989 344 1068 sequi
357 1009 459 1047 rursus
469 986 582 1057 videre,
593 987 624 1044 in
634 987 736 1065 fugam
745 987 832 1056 versi,
846 1008 906 1045 non
920 987 1041 1066 agmini·

89 1085 143 1144 bus
153 1099 186 1145 ut
195 1087 290 1164 prius,
300 1104 358 1142 nec
369 1084 445 1142 elius
457 1082 550 1140 alium
560 1094 771 1160 respectantes,
781 1082 840 1138 rari
851 1095 881 1140 et
890 1081 1051 1141 vitabundi*

88 1180 218 1239 invicem
239 1179 404 1256 longinqua
425 1190 513 1253 atque
539 1176 605 1234 avia
624 1176 749 1254 petiere.
790 1176 874 1234 Finis
898 1177 1043 1253 sequendi

87 1296 148 1334 nox
163 1288 195 1334 et
205 1274 327 1333 satietas
340 1273 403 1331 fuit.
444 1273 531 1332 Caesa
543 1273 673 1331 bostium
685 1271 721 1330 ad
732 1271 838 1330 decem
852 1271 961 1331 millia:
979 1293 1045 1331 nos·

87 1383 202 1428 trorum
217 1369 342 1427 trecenti
355 1367 513 1447 sexaginta
526 1367 674 1438 cecidere,
687 1367 718 1424 in
732 1367 797 1445 quis
807 1368 905 1425 Aulus
915 1367 1045 1438 Atticus,
1105 1404 1109 1414 -
1127 1408 1130 1413 -

87 1465 249 1544 praefectus
263 1463 401 1535 cohortis,
411 1463 537 1542 juvenili
548 1462 655 1521 ardore
666 1475 696 1521 et
706 1462 818 1521 ferocia
831 1462 901 1539 equi
911 1461 1046 1521 hostibus

89 1562 195 1620 illatus.

127 1656 313 1716 XXXVIII.
334 1657 377 1715 Et
390 1676 450 1714 nox
464 1654 587 1734 quidem
601 1653 711 1733 gaudio
725 1654 888 1735 praedsque
901 1655 971 1712 laeta
983 1650 1062 1736 vic-3
1087 1678 1090 1683 ·

87 1756 216 1815 toribus:
231 1753 815 1833 Britannipalantes,mixtoquevirorum
823 1754 1044 1830 mulierumque

87 1851 214 1929 ploratu,
228 1852 345 1909 trahere
359 1853 534 1920 vulneratos,
548 1870 657 1909 vocare
674 1850 815 1929 integros,
829 1849 972 1909 deserere
989 1848 1043 1908 do·

88 1965 152 2003 mos
169 1965 204 2003 ac
217 1966 273 2024 per
286 1946 360 2003 iram
374 1947 451 2004 ultro
464 1944 626 2003 incendere
637 1967 645 2015 ;
668 1944 782 2022 eligere
798 1945 927 2003 latebras
941 1956 972 2002 et
985 1956 1043 2002 stn-

89 2040 142 2098 tim
169 2041 357 2118 relinquere;
388 2040 517 2098 miscere
541 2040 669 2098 invicem
694 2040 817 2098 consilia
844 2040 953 2117 aliqua,
975 2039 1044 2098 dein

86 2155 246 2214 separare;
277 2134 439 2211 aliquando
459 2133 557 2210 frangi
580 2145 700 2210 aspectu
726 2134 886 2210 pignorum
913 2152 1043 2203 suorum,

87 2230 198 2308 saepius
213 2220 376 2287 concitari:
398 2227 528 2305 satisque
545 2229 706 2296 constabat,
721 2227 839 2286 saevisse
854 2226 999 2306 quosdam
1012 2229 1044 2288 in

86 2325 233 2402 conjuges
255 2344 289 2382 ac
309 2322 429 2392 liberos,
447 2335 598 2400 tamquam
618 2321 840 2382 misererentur.
881 2323 1043 2385 Proximus

86 2419 151 2477 dies
165 2418 273 2477 faciem
287 2417 419 2477 victoriae
433 2417 522 2477 latius
540 2417 676 2498 aperuit:
697 2430 814 2477 vastum
828 2417 940 2498 ubique
953 2419 1030 2478 silen

85 2514 170 2584 tlum,
185 2513 293 2573 secreti
307 2515 406 2584 colles,
419 2513 565 2573 fumantia
578 2515 684 2594 procul
697 2526 786 2584 tecta,
800 2534 889 2574 nemo
906 2516 1042 2601 explora·

86 2610 199 2668 toribus
219 2610 340 2670 obvius:
365 2611 475 2689 quibus
496 2610 527 2668 in
549 2630 668 2669 omnem
689 2623 806 2690 partem
828 2610 967 2682 dimissis,
989 2611 1042 2681 ubi

85 2704 197 2764 incerta
217 2705 297 2785 fuge>
320 2705 444 2785 vestigia
476 2726 575 2783 neque
597 2726 721 2783 usquam
746 2706 920 2784 conglobari
941 2707 1042 2766 hostes

86 2814 280 2880 compertum,
295 2814 326 2860 et
339 2813 445 2860 exacta
454 2801 519 2879 jam
532 2813 635 2860 aestate
648 2801 748 2880 spargi
761 2801 875 2860 bellum
888 2801 1040 2878 nequibat,

84 2895 116 2952 in
129 2897 204 2954 fines
218 2896 420 2955 Horestorum
432 2896 599 2955 exercitum
613 2895 742 2955 deducit.
783 2896 831 2954 Ibi
845 2893 976 2972 acceptis
990 2895 1042 2952 ob·
1056 2930 1107 2950 0-

85 2989 209 3058 sidibus,
224 2989 367 3067 prael'ecto
381 2990 480 3049 classis
493 2991 665 3050 circumvehi
676 2991 866 3051 Britanniam
879 2987 1039 3069 praecepit:

83 3084 163 3143 datae
188 3083 225 3142 ad
247 3081 278 3140 id
298 3084 387 3153 vires,
409 3095 440 3142 et
461 3098 656 3162 precesserat
678 3098 790 3143 terror:
819 3084 886 3162 ipse
907 3080 1041 3159 peditem

86 3193 175 3256 atque
192 3178 308 3256 equites
324 3180 406 3236 lento
422 3177 538 3249 itinere,
553 3199 612 3256 quo
632 3199 775 3237 novarum
796 3178 931 3256 gentium
949 3175 1041 3234 animi

85 3274 152 3355 ipsa
173 3272 312 3332 transitus
333 3291 418 3331 mora
438 3284 628 3340 terrerentur,
641 3273 673 3330 in
688 3273 822 3330 hibernis
842 3271 959 3331 locavit.
999 3271 1041 3330 Et

85 3369 173 3429 simul
194 3368 297 3427 classis
320 3366 452 3426 secunda
474 3378 653 3445 tempestate
677 3387 712 3425 ac
733 3366 812 3425 farne
829 3367 1040 3443 Trutuleusem

85 3477 204 3547 portum
219 3462 323 3536 tenuit,
338 3462 419 3523 unde
434 3446 571 3542 ptbximo
584 3460 679 3520 latere
691 3445 853 3522 Britanuire
866 3464 946 3521 lecto
959 3465 1039 3524 omni

55 3568 58 3573 '
85 3560 224 3621 redierat.
706 3563 710 3569 ’
832 3568 833 3573 ’

125 3656 277 3716 XXXIX.
298 3655 391 3715 Hunc
400 3673 502 3713 rerum
513 3673 642 3723 cursum,
653 3672 834 3731 quamquam
843 3654 925 3712 nulla
934 3654 1038 3713 verbo·

86 3751 315 3834 ‘rum'jaetautia
337 3749 476 3831 epistolis
493 3749 644 3830 Agricolae
667 3760 796 3821 anctum,
813 3762 847 3810 ut
866 3748 1040 3826 Domitispo
