2394 4328
285 378 322 416 nr.
346 378 636 420 canutum—car.
655 381 869 424 xxviiu-xxx.
1019 372 1058 429 15

103 507 234 576 bescunt,
246 509 420 586 transgressi
432 509 502 566 olim
517 523 547 566 et
559 511 768 588 experimento
779 512 848 570 fidei
859 534 952 592 super
961 515 1058 593 ipsam

102 604 200 662 Rheni
216 605 309 682 ripam
323 605 467 673 collocati,
480 618 512 663 ut
527 620 669 675 arcerent,
682 627 740 665 non
755 621 787 665 ut
801 609 1027 669 custodirentur.

34 693 93 728 '⁷'
140 698 259 758 XXIX.
280 699 420 759 Omnium
436 700 541 758 harum
559 702 694 778 gentium
711 703 820 761 virtute
837 706 985 786 praecipui
999 707 1057 766 Ba·

100 795 169 863 tavi,
181 815 238 852 non
251 797 375 853 multum
387 816 425 853 ex
436 795 510 877 ripa,
520 797 573 854 sed
582 797 709 857 insulam
720 799 820 857 Rheni
830 801 933 870 amuis,
944 804 1056 873 colunt,

101 889 257 949 Cettorum
272 891 421 968 quondam
434 892 573 971 populus,
585 905 616 951 et
626 894 771 952 seditione
785 894 948 954 domestica
961 897 992 955 in
1006 918 1056 957 ess

99 985 187 1043 sedes
200 999 412 1064 transgressus,
424 986 455 1043 in
469 987 575 1062 quibus
589 1007 659 1066 pars
670 989 796 1047 Romani
811 990 931 1068 imperii
942 992 1055 1052 fierent.

101 1080 206 1139 Manet
222 1082 314 1139 honos
332 1094 362 1138 et
380 1082 508 1157 antiquae
526 1081 673 1140 societatis
690 1083 826 1162 insigne:
847 1106 916 1144 uam
934 1108 989 1146 nec
1006 1089 1055 1146 tri·

100 1176 180 1234 butis
208 1189 447 1244 contemnuntur,
472 1196 529 1234 nec
556 1177 733 1255 publicanus
763 1179 894 1239 adterit:
943 1183 1057 1240 exemti

103 1272 245 1328 oneribus
267 1284 297 1328 et
317 1271 535 1340 collationibus,
551 1284 581 1329 et
600 1284 716 1330 tantum
733 1273 762 1329 in
781 1294 869 1332 usum
885 1276 1056 1353 proeliorum

101 1367 224 1443 sepositi
236 1368 317 1423 velut
330 1367 390 1424 tela
407 1380 495 1443 atque
513 1386 606 1436 arma,
621 1367 705 1425 bellis
719 1382 915 1428 reservantur.
957 1371 1013 1428 Est
1026 1372 1057 1429 in

100 1461 208 1518 eodem
235 1461 377 1539 obsequio
402 1474 432 1519 et
454 1462 664 1520 Mattiacorum
691 1484 773 1541 gens.
824 1464 954 1523 Protulit
977 1465 1056 1524 enim

100 1559 274 1637 magnitudo
284 1559 394 1637 Populi
404 1559 532 1618 Romani
545 1559 622 1616 ultre
631 1560 781 1628 Rhenum,
793 1562 930 1638 ultraque
940 1575 1055 1620 veteres

100 1655 251 1724 terminos,
262 1655 380 1733 imperii
391 1655 598 1714 reverentiam.
640 1654 770 1714 Ita'sede
781 1655 947 1734 finibusque
959 1659 989 1714 in
1001 1677 1056 1715 sua

99 1749 174 1828 ripa,
189 1764 288 1808 mente
303 1751 460 1828 animoque
473 1750 629 1808 nobiscum
644 1761 743 1828 agunt,
759 1764 860 1809 cetera
872 1751 982 1819 similes
997 1753 1054 1810 Ba·

100 1846 183 1915 tavis,
197 1847 253 1904 nisi
268 1846 345 1924 quod
361 1846 425 1924 ipso
440 1846 537 1904 adhuc
552 1858 640 1903 terrae
658 1866 720 1904 suae
734 1848 798 1904 solo
812 1859 843 1904 et
856 1848 942 1904 coelo
957 1847 1055 1905 acrius

101 1940 276 2001 animentur.
317 1942 388 1999 Non
403 1941 622 1999 numeraverim
637 1941 715 1999 inter
730 1942 901 2000 Germaniae
916 1944 1055 2019 populos,

100 2057 279 2114 quamquam
294 2050 372 2094 trans
382 2037 522 2094 Rhenum
534 2036 768 2113 Danubiumque
783 2036 977 2102 consederint,
992 2057 1055 2106 eos,

100 2131 150 2208 qui
162 2133 344 2190 Decumates
359 2152 445 2209 agros
459 2143 610 2188 exercent.
651 2130 836 2188 Levissimus
850 2130 976 2208 quisque
985 2131 1056 2188 Gal·

101 2227 208 2296 lorum,
226 2240 256 2283 et
272 2224 375 2304 inopia
393 2224 500 2294 audax,
518 2224 616 2282 dubiae
633 2224 830 2301 possessionis
854 2227 950 2282 solum
969 2244 1055 2282 occu·

100 2342 220 2399 pavere.
273 2322 349 2379 Mox
370 2320 464 2378 limite
485 2333 550 2378 acto
571 2319 774 2399 promotisque
798 2319 956 2399 praesidiis,
974 2320 1056 2380 sinus

102 2417 220 2494 imperii
235 2430 265 2474 et
278 2437 348 2495 pars
363 2416 523 2494 provinciae
537 2416 691 2473 habentur.

140 2513 243 2572 XXX.
264 2512 352 2571 Ultra
364 2513 418 2570 hos
434 2512 513 2571 Catti
527 2511 642 2569 initium
660 2510 740 2568 sedis
755 2511 792 2568 ab
806 2510 962 2588 Hercynio
977 2513 1054 2572 saltu

101 2609 248 2679 inchoant,
265 2629 322 2666 non
344 2609 385 2667 ita
406 2608 504 2666 effusis
527 2629 562 2664 ac
584 2607 767 2685 palustribus
789 2607 874 2678 locis,
892 2621 925 2665 ut
947 2622 1056 2667 ceteras

101 2704 243 2773 civitates,
265 2705 296 2763 in
321 2725 393 2782 quas
415 2704 578 2762 Germania
600 2704 741 2781 patescit:
774 2703 879 2762 durant
906 2704 1054 2782 siquidem

102 2803 198 2870 colles,
212 2803 416 2890 paulatimqpe
430 2813 600 2872 rarescunt3
624 2812 654 2857 et
669 2800 773 2858 Cattos
788 2820 856 2857 suos
870 2800 960 2857 saltus
976 2800 1054 2857 Her-

102 2899 205 2975 cynius
226 2899 414 2975 prosequitur
434 2898 521 2956 simul
543 2890 631 2973 atque
649 2896 780 2974 deponit.
822 2895 953 2952 Duriora
974 2895 1054 2971 genti

102 3013 235 3070 corpora,
250 2992 343 3050 stricti
361 3006 448 3061 artus,
461 2993 560 3049 minax
574 2993 682 3059 vultus,
698 3003 727 3047 et
744 2991 839 3067 major
857 2989 948 3046 animi
962 2989 1054 3064 vigor.

102 3089 232 3146 Multum
250 3086 297 3162 (ut
317 3087 394 3143 inter
410 3087 589 3161 Germanos)
608 3085 728 3142 rationis
746 3105 780 3141 ac
801 3083 959 3140 sollertiae:
981 3102 1056 3159 prae·

101 3205 214 3264 ponere
236 3184 355 3251 electos,
374 3183 478 3238 audire
498 3181 681 3258 praepositos,
699 3200 786 3236 nosse
808 3177 934 3244 ordines,
949 3175 1054 3233 intelli-

103 3301 174 3359 gere
189 3278 368 3346 occasiones,
380 3276 498 3333 differre
516 3275 654 3351 impetus,
667 3274 826 3351 disponere
841 3272 930 3339 diem,
945 3273 1054 3330 vallare

102 3389 232 3444 noctem,
246 3373 392 3431 fortunam
408 3371 484 3429 inter
497 3368 598 3437 dubie,
612 3367 751 3425 virtutem
766 3368 843 3425 inter
857 3380 937 3426 certa
953 3388 1054 3426 nurne-

103 3491 188 3529 rare:
211 3468 349 3546 quodque
370 3467 563 3536 rarissimum,
576 3485 632 3523 nec
654 3462 710 3520 nisi
727 3464 871 3521 Romanae
893 3463 1054 3543 disciplinae

104 3589 287 3638 concessum,
312 3569 377 3646 plus
405 3586 549 3645 reponere
574 3565 603 3621 in
627 3564 715 3631 duce,
739 3583 828 3641 quam
855 3562 884 3620 in
912 3564 1055 3626 exercitu.

104 3665 199 3724 Omne
213 3665 305 3722 robur
317 3664 348 3721 in
361 3663 472 3741 pedite,
487 3682 576 3739 quem
590 3681 681 3738 super
696 3680 778 3718 arma
787 3659 969 3719 ferramentis
985 3681 1057 3737 quo·

44 3799 47 3805 -
104 3781 162 3838 que
174 3773 206 3819 et
219 3759 314 3839 copiis
328 3773 459 3818 onerant.
500 3758 585 3832 Alios
600 3756 638 3814 ad
651 3755 790 3834 proelium
805 3755 848 3814 ire
862 3755 1058 3827 videas,Cat·
