<?xml version="1.0" encoding="UTF-8"?>
<!DOCTYPE html PUBLIC "-//W3C//DTD XHTML 1.0 Transitional//EN"
    "http://www.w3.org/TR/xhtml1/DTD/xhtml1-transitional.dtd">
<html xmlns="http://www.w3.org/1999/xhtml" xml:lang="en" lang="en">
 <head>
  <title>
</title>
<meta http-equiv="Content-Type" content="text/html;charset=utf-8" />
  <meta name='ocr-system' content='tesseract 3.04.00' />
  <meta name='ocr-capabilities' content='ocr_page ocr_carea ocr_par ocr_line ocrx_word'/>
</head>
<body>
  <div class='ocr_page' id='page_1' title='image "./germaniaandagri00btgoog_0115.png"; bbox 0 0 2394 4328; ppageno 0'>
   <div class='ocr_carea' id='block_1_1' title="bbox 136 377 815 433">
    <p class='ocr_par' dir='ltr' id='par_1_1' title="bbox 136 377 815 433">
     <span class='ocr_line' id='line_1_1' title="bbox 136 377 815 433; baseline -0.004 0"><span class='ocrx_word' id='word_1_1' title='bbox 136 377 177 433; x_wconf 80' lang='lat'><strong>52</strong></span> <span class='ocrx_word' id='word_1_2' title='bbox 421 392 448 430; x_wconf 86' lang='lat' dir='ltr'><strong>c.</strong></span> <span class='ocrx_word' id='word_1_3' title='bbox 473 390 647 431; x_wconf 64' lang='lat' dir='ltr'><strong>(tenuamus</strong></span> <span class='ocrx_word' id='word_1_4' title='bbox 670 390 815 433; x_wconf 73' lang='lat' dir='ltr'><strong>rastros.</strong></span> 
     </span>
    </p>
   </div>
   <div class='ocr_carea' id='block_1_2' title="bbox 134 520 1091 1537">
    <p class='ocr_par' dir='ltr' id='par_1_2' title="bbox 134 520 1091 1537">
     <span class='ocr_line' id='line_1_2' title="bbox 136 520 1091 602; baseline 0 -22"><span class='ocrx_word' id='word_1_5' title='bbox 136 521 271 602; x_wconf 85' lang='lat' dir='ltr'><strong>petitum,</strong></span> <span class='ocrx_word' id='word_1_6' title='bbox 286 521 349 579; x_wconf 87' lang='lat' dir='ltr'><strong>sive</strong></span> <span class='ocrx_word' id='word_1_7' title='bbox 363 541 403 579; x_wconf 86' lang='lat' dir='ltr'><strong>ex</strong></span> <span class='ocrx_word' id='word_1_8' title='bbox 419 521 608 592; x_wconf 88' lang='lat' dir='ltr'><strong>couscientia,</strong></span> <span class='ocrx_word' id='word_1_9' title='bbox 622 541 670 590; x_wconf 93' lang='lat' dir='ltr'><strong>ne,</strong></span> <span class='ocrx_word' id='word_1_10' title='bbox 685 520 764 598; x_wconf 94' lang='lat' dir='ltr'><strong>quod</strong></span> <span class='ocrx_word' id='word_1_11' title='bbox 779 532 921 588; x_wconf 88' lang='lat' dir='ltr'><strong>vetuerat,</strong></span> <span class='ocrx_word' id='word_1_12' title='bbox 936 520 1091 581; x_wconf 84' lang='lat' dir='ltr'><strong>videretur</strong></span> 
     </span>
     <span class='ocr_line' id='line_1_3' title="bbox 135 616 1088 696; baseline 0 -20"><span class='ocrx_word' id='word_1_13' title='bbox 135 618 249 676; x_wconf 80' lang='lat' dir='ltr'><strong>emisse.</strong></span> <span class='ocrx_word' id='word_1_14' title='bbox 290 617 451 696; x_wconf 89' lang='lat' dir='ltr'><strong>Proprium</strong></span> <span class='ocrx_word' id='word_1_15' title='bbox 464 618 587 675; x_wconf 90' lang='lat' dir='ltr'><strong>humani</strong></span> <span class='ocrx_word' id='word_1_16' title='bbox 600 617 713 695; x_wconf 88' lang='lat' dir='ltr'><strong>ingenii</strong></span> <span class='ocrx_word' id='word_1_17' title='bbox 728 629 782 687; x_wconf 90' lang='lat' dir='ltr'><strong>est,</strong></span> <span class='ocrx_word' id='word_1_18' title='bbox 793 616 890 674; x_wconf 91' lang='lat' dir='ltr'><strong>odisse</strong></span> <span class='ocrx_word' id='word_1_19' title='bbox 901 637 990 694; x_wconf 91' lang='lat' dir='ltr'><strong>quem</strong></span> <span class='ocrx_word' id='word_1_20' title='bbox 1004 618 1088 676; x_wconf 85' lang='lat' dir='ltr'><strong>laese·</strong></span> 
     </span>
     <span class='ocr_line' id='line_1_4' title="bbox 134 711 1088 792; baseline -0.002 -20"><span class='ocrx_word' id='word_1_21' title='bbox 134 715 191 772; x_wconf 74' lang='lat' dir='ltr'><strong>risz</strong></span> <span class='ocrx_word' id='word_1_22' title='bbox 219 713 384 772; x_wconf 91' lang='lat' dir='ltr'><strong>Domitiani</strong></span> <span class='ocrx_word' id='word_1_23' title='bbox 405 733 477 772; x_wconf 88' lang='lat' dir='ltr'><strong>vero</strong></span> <span class='ocrx_word' id='word_1_24' title='bbox 493 725 598 771; x_wconf 90' lang='lat' dir='ltr'><strong>natura</strong></span> <span class='ocrx_word' id='word_1_25' title='bbox 614 732 749 792; x_wconf 82' lang='lat' dir='ltr'><strong>praeceps</strong></span> <span class='ocrx_word' id='word_1_26' title='bbox 766 712 797 770; x_wconf 91' lang='lat' dir='ltr'><strong>in</strong></span> <span class='ocrx_word' id='word_1_27' title='bbox 811 711 896 782; x_wconf 90' lang='lat' dir='ltr'><strong>iram,</strong></span> <span class='ocrx_word' id='word_1_28' title='bbox 911 724 949 780; x_wconf 86' lang='lat' dir='ltr'><strong>et,</strong></span> <span class='ocrx_word' id='word_1_29' title='bbox 961 733 1021 789; x_wconf 94' lang='lat' dir='ltr'><strong>quo</strong></span> <span class='ocrx_word' id='word_1_30' title='bbox 1035 714 1088 770; x_wconf 93' lang='lat' dir='ltr'><strong>ob·</strong></span> 
     </span>
     <span class='ocr_line' id='line_1_5' title="bbox 134 807 1088 884; baseline -0.002 -16"><span class='ocrx_word' id='word_1_31' title='bbox 134 809 255 879; x_wconf 89' lang='lat' dir='ltr'><strong>scurior,</strong></span> <span class='ocrx_word' id='word_1_32' title='bbox 272 829 310 868; x_wconf 92' lang='lat' dir='ltr'><strong>eo</strong></span> <span class='ocrx_word' id='word_1_33' title='bbox 327 808 559 879; x_wconf 84' lang='lat' dir='ltr'><strong>irrevocabilior,</strong></span> <span class='ocrx_word' id='word_1_34' title='bbox 577 808 782 866; x_wconf 81' lang='lat' dir='ltr'><strong>moderatione</strong></span> <span class='ocrx_word' id='word_1_35' title='bbox 800 821 899 866; x_wconf 89' lang='lat' dir='ltr'><strong>tamen</strong></span> <span class='ocrx_word' id='word_1_36' title='bbox 916 807 1088 884; x_wconf 87' lang='lat' dir='ltr'><strong>prudentis·</strong></span> 
     </span>
     <span class='ocr_line' id='line_1_6' title="bbox 135 902 1089 984; baseline -0.002 -21"><span class='ocrx_word' id='word_1_37' title='bbox 135 926 194 984; x_wconf 90' lang='lat' dir='ltr'><strong>que</strong></span> <span class='ocrx_word' id='word_1_38' title='bbox 216 904 368 983; x_wconf 74' lang='lat' dir='ltr'><strong>Agricolae</strong></span> <span class='ocrx_word' id='word_1_39' title='bbox 389 905 575 964; x_wconf 78' lang='lat' dir='ltr'><strong>leniebatur:</strong></span> <span class='ocrx_word' id='word_1_40' title='bbox 599 905 671 982; x_wconf 92' lang='lat' dir='ltr'><strong>quia</strong></span> <span class='ocrx_word' id='word_1_41' title='bbox 692 924 753 962; x_wconf 92' lang='lat' dir='ltr'><strong>non</strong></span> <span class='ocrx_word' id='word_1_42' title='bbox 777 902 964 961; x_wconf 82' lang='lat' dir='ltr'>contumacia</span> <span class='ocrx_word' id='word_1_43' title='bbox 987 923 1089 981; x_wconf 91' lang='lat' dir='ltr'><strong>neque</strong></span> 
     </span>
     <span class='ocr_line' id='line_1_7' title="bbox 134 998 1087 1080; baseline -0.002 -22"><span class='ocrx_word' id='word_1_44' title='bbox 134 1001 214 1058; x_wconf 90' lang='lat' dir='ltr'><strong>inani</strong></span> <span class='ocrx_word' id='word_1_45' title='bbox 232 1001 398 1080; x_wconf 90' lang='lat' dir='ltr'><strong>jactatione</strong></span> <span class='ocrx_word' id='word_1_46' title='bbox 419 1000 574 1070; x_wconf 81' lang='lat' dir='ltr'><strong>libertatis,</strong></span> <span class='ocrx_word' id='word_1_47' title='bbox 592 1000 703 1058; x_wconf 89' lang='lat' dir='ltr'><strong>famam</strong></span> <span class='ocrx_word' id='word_1_48' title='bbox 721 998 875 1075; x_wconf 92' lang='lat' dir='ltr'><strong>fatumque</strong></span> <span class='ocrx_word' id='word_1_49' title='bbox 897 999 1087 1077; x_wconf 88' lang='lat' dir='ltr'><strong>provocabat.</strong></span> 
     </span>
     <span class='ocr_line' id='line_1_8' title="bbox 135 1093 1088 1174; baseline -0.004 -20"><span class='ocrx_word' id='word_1_50' title='bbox 135 1096 245 1166; x_wconf 79' lang='lat' dir='ltr'><strong>Sciant,</strong></span> <span class='ocrx_word' id='word_1_51' title='bbox 260 1097 369 1174; x_wconf 92' lang='lat' dir='ltr'><strong>quibus</strong></span> <span class='ocrx_word' id='word_1_52' title='bbox 390 1096 481 1154; x_wconf 87' lang='lat' dir='ltr'><strong>moris</strong></span> <span class='ocrx_word' id='word_1_53' title='bbox 501 1108 554 1166; x_wconf 93' lang='lat' dir='ltr'><strong>est,</strong></span> <span class='ocrx_word' id='word_1_54' title='bbox 568 1095 672 1153; x_wconf 90' lang='lat' dir='ltr'><strong>illicita</strong></span> <span class='ocrx_word' id='word_1_55' title='bbox 691 1094 802 1164; x_wconf 86' lang='lat' dir='ltr'><strong>mirari,</strong></span> <span class='ocrx_word' id='word_1_56' title='bbox 819 1114 906 1173; x_wconf 89' lang='lat' dir='ltr'><strong>posse</strong></span> <span class='ocrx_word' id='word_1_57' title='bbox 924 1093 1013 1151; x_wconf 90' lang='lat' dir='ltr'><strong>etiam</strong></span> <span class='ocrx_word' id='word_1_58' title='bbox 1030 1093 1088 1151; x_wconf 93' lang='lat' dir='ltr'><strong>sub</strong></span> 
     </span>
     <span class='ocr_line' id='line_1_9' title="bbox 134 1190 1088 1270; baseline -0.001 -21"><span class='ocrx_word' id='word_1_59' title='bbox 134 1192 222 1250; x_wconf 89' lang='lat' dir='ltr'><strong>malis</strong></span> <span class='ocrx_word' id='word_1_60' title='bbox 243 1190 428 1270; x_wconf 89' lang='lat' dir='ltr'><strong>principibus</strong></span> <span class='ocrx_word' id='word_1_61' title='bbox 448 1212 573 1270; x_wconf 91' lang='lat' dir='ltr'><strong>magnos</strong></span> <span class='ocrx_word' id='word_1_62' title='bbox 593 1191 671 1250; x_wconf 87' lang='lat' dir='ltr'><strong>viros</strong></span> <span class='ocrx_word' id='word_1_63' title='bbox 693 1210 775 1249; x_wconf 87' lang='lat' dir='ltr'><strong>esse:</strong></span> <span class='ocrx_word' id='word_1_64' title='bbox 800 1190 1037 1268; x_wconf 83' lang='lat' dir='ltr'><strong>obsequiumque</strong></span> <span class='ocrx_word' id='word_1_65' title='bbox 1053 1211 1088 1248; x_wconf 87' lang='lat' dir='ltr'><strong>ac</strong></span> 
     </span>
     <span class='ocr_line' id='line_1_10' title="bbox 135 1285 1088 1365; baseline 0 -21"><span class='ocrx_word' id='word_1_66' title='bbox 135 1286 321 1358; x_wconf 82' lang='lat' dir='ltr'><strong>modestiam,</strong></span> <span class='ocrx_word' id='word_1_67' title='bbox 331 1288 356 1345; x_wconf 91' lang='lat' dir='ltr'><strong>si</strong></span> <span class='ocrx_word' id='word_1_68' title='bbox 364 1287 509 1346; x_wconf 90' lang='lat' dir='ltr'><strong>industria</strong></span> <span class='ocrx_word' id='word_1_69' title='bbox 519 1307 553 1345; x_wconf 89' lang='lat' dir='ltr'><strong>ac</strong></span> <span class='ocrx_word' id='word_1_70' title='bbox 563 1287 648 1365; x_wconf 85' lang='lat' dir='ltr'><strong>vigor</strong></span> <span class='ocrx_word' id='word_1_71' title='bbox 658 1286 765 1356; x_wconf 80' lang='lat' dir='ltr'><strong>adsint,</strong></span> <span class='ocrx_word' id='word_1_72' title='bbox 775 1307 812 1345; x_wconf 91' lang='lat' dir='ltr'><strong>eo</strong></span> <span class='ocrx_word' id='word_1_73' title='bbox 822 1285 918 1343; x_wconf 90' lang='lat' dir='ltr'><strong>laudis</strong></span> <span class='ocrx_word' id='word_1_74' title='bbox 929 1285 1088 1356; x_wconf 84' lang='lat' dir='ltr'><strong>excedere,</strong></span> 
     </span>
     <span class='ocr_line' id='line_1_11' title="bbox 135 1381 1088 1462; baseline -0.003 -21"><span class='ocrx_word' id='word_1_75' title='bbox 135 1402 196 1459; x_wconf 90' lang='lat' dir='ltr'><strong>quo</strong></span> <span class='ocrx_word' id='word_1_76' title='bbox 209 1383 345 1461; x_wconf 89' lang='lat' dir='ltr'><strong>plerique</strong></span> <span class='ocrx_word' id='word_1_77' title='bbox 360 1403 418 1462; x_wconf 88' lang='lat' dir='ltr'><strong>per</strong></span> <span class='ocrx_word' id='word_1_78' title='bbox 430 1384 564 1460; x_wconf 89' lang='lat' dir='ltr'><strong>abrupta,</strong></span> <span class='ocrx_word' id='word_1_79' title='bbox 576 1381 671 1440; x_wconf 91' lang='lat' dir='ltr'><strong>sedin</strong></span> <span class='ocrx_word' id='word_1_80' title='bbox 681 1383 798 1439; x_wconf 88' lang='lat' dir='ltr'><strong>nullum</strong></span> <span class='ocrx_word' id='word_1_81' title='bbox 807 1381 979 1460; x_wconf 84' lang='lat' dir='ltr'><strong>reipublicae</strong></span> <span class='ocrx_word' id='word_1_82' title='bbox 991 1402 1088 1453; x_wconf 90' lang='lat' dir='ltr'><strong>usum,</strong></span> 
     </span>
     <span class='ocr_line' id='line_1_12' title="bbox 136 1478 622 1537; baseline 0 -1"><span class='ocrx_word' id='word_1_83' title='bbox 136 1478 292 1537; x_wconf 89' lang='lat' dir='ltr'><strong>ambitiosa</strong></span> <span class='ocrx_word' id='word_1_84' title='bbox 304 1492 397 1537; x_wconf 88' lang='lat' dir='ltr'><strong>morte</strong></span> <span class='ocrx_word' id='word_1_85' title='bbox 411 1480 622 1537; x_wconf 80' lang='lat' dir='ltr'><strong>inclaruerunt.</strong></span> 
     </span>
    </p>
   </div>
   <div class='ocr_carea' id='block_1_3' title="bbox 175 1571 1087 1652">
    <p class='ocr_par' dir='ltr' id='par_1_3' title="bbox 19 1571 1087 1653">
     <span class='ocr_line' id='line_1_13' title="bbox 175 1571 1087 1652; baseline -0.006 -16.876"><span class='ocrx_word' id='word_1_86' title='bbox 175 1573 295 1632; x_wconf 88' lang='lat' dir='ltr'><strong>XLIII.</strong></span> <span class='ocrx_word' id='word_1_87' title='bbox 316 1574 400 1631; x_wconf 88' lang='lat' dir='ltr'><strong>Finis</strong></span> <span class='ocrx_word' id='word_1_88' title='bbox 418 1573 485 1632; x_wconf 85' lang='lat' dir='ltr'><strong>vitae</strong></span> <span class='ocrx_word' id='word_1_89' title='bbox 505 1574 569 1652; x_wconf 92' lang='lat' dir='ltr'><strong>ejus</strong></span> <span class='ocrx_word' id='word_1_90' title='bbox 587 1572 673 1632; x_wconf 91' lang='lat' dir='ltr'><strong>nobis</strong></span> <span class='ocrx_word' id='word_1_91' title='bbox 691 1574 854 1644; x_wconf 91' lang='lat' dir='ltr'><strong>luctuosus,</strong></span> <span class='ocrx_word' id='word_1_92' title='bbox 868 1571 971 1631; x_wconf 89' lang='lat' dir='ltr'><strong>amicis</strong></span> <span class='ocrx_word' id='word_1_93' title='bbox 985 1572 1087 1642; x_wconf 88' lang='lat' dir='ltr'><strong>tristis,</strong></span> 
     </span>
    </p>
   </div>
   <div class='ocr_carea' id='block_1_4' title="bbox 136 1666 1094 3848">
    <p class='ocr_par' dir='ltr' id='par_1_4' title="bbox 136 1666 1093 3467">
     <span class='ocr_line' id='line_1_14' title="bbox 136 1666 1088 1746; baseline -0.001 -20"><span class='ocrx_word' id='word_1_94' title='bbox 136 1669 285 1726; x_wconf 83' lang='lat' dir='ltr'><strong>extraneis</strong></span> <span class='ocrx_word' id='word_1_95' title='bbox 307 1667 396 1727; x_wconf 91' lang='lat' dir='ltr'><strong>etiam</strong></span> <span class='ocrx_word' id='word_1_96' title='bbox 415 1666 582 1746; x_wconf 87' lang='lat' dir='ltr'><strong>ignotisque</strong></span> <span class='ocrx_word' id='word_1_97' title='bbox 604 1689 664 1726; x_wconf 92' lang='lat' dir='ltr'><strong>non</strong></span> <span class='ocrx_word' id='word_1_98' title='bbox 686 1669 751 1728; x_wconf 88' lang='lat' dir='ltr'><strong>siue</strong></span> <span class='ocrx_word' id='word_1_99' title='bbox 773 1689 844 1728; x_wconf 90' lang='lat' dir='ltr'><strong>cura</strong></span> <span class='ocrx_word' id='word_1_100' title='bbox 865 1668 929 1726; x_wconf 85' lang='lat' dir='ltr'><strong>fuit.</strong></span> <span class='ocrx_word' id='word_1_101' title='bbox 971 1667 1088 1746; x_wconf 85' lang='lat' dir='ltr'><strong>Vulgus</strong></span> 
     </span>
     <span class='ocr_line' id='line_1_15' title="bbox 136 1763 1088 1843; baseline 0.002 -23"><span class='ocrx_word' id='word_1_102' title='bbox 136 1783 264 1840; x_wconf 91' lang='lat' dir='ltr'><strong>quoque,</strong></span> <span class='ocrx_word' id='word_1_103' title='bbox 280 1764 372 1822; x_wconf 90' lang='lat' dir='ltr'><strong>ethic</strong></span> <span class='ocrx_word' id='word_1_104' title='bbox 388 1763 468 1822; x_wconf 88' lang='lat' dir='ltr'><strong>aliud</strong></span> <span class='ocrx_word' id='word_1_105' title='bbox 484 1785 575 1842; x_wconf 86' lang='lat' dir='ltr'><strong>agens</strong></span> <span class='ocrx_word' id='word_1_106' title='bbox 588 1766 727 1843; x_wconf 92' lang='lat' dir='ltr'><strong>populus,</strong></span> <span class='ocrx_word' id='word_1_107' title='bbox 741 1778 772 1823; x_wconf 88' lang='lat' dir='ltr'><strong>et</strong></span> <span class='ocrx_word' id='word_1_108' title='bbox 785 1764 968 1823; x_wconf 87' lang='lat' dir='ltr'><strong>ventitavere</strong></span> <span class='ocrx_word' id='word_1_109' title='bbox 985 1763 1024 1821; x_wconf 93' lang='lat' dir='ltr'><strong>ad</strong></span> <span class='ocrx_word' id='word_1_110' title='bbox 1038 1763 1088 1822; x_wconf 92' lang='lat' dir='ltr'><strong>do·</strong></span> 
     </span>
     <span class='ocr_line' id='line_1_16' title="bbox 136 1858 1088 1938; baseline 0.001 -23"><span class='ocrx_word' id='word_1_111' title='bbox 136 1879 227 1927; x_wconf 90' lang='lat' dir='ltr'><strong>mum,</strong></span> <span class='ocrx_word' id='word_1_112' title='bbox 242 1871 273 1916; x_wconf 96' lang='lat' dir='ltr'><strong>et</strong></span> <span class='ocrx_word' id='word_1_113' title='bbox 289 1878 344 1938; x_wconf 88' lang='lat' dir='ltr'><strong>per</strong></span> <span class='ocrx_word' id='word_1_114' title='bbox 357 1859 422 1918; x_wconf 89' lang='lat' dir='ltr'><strong>fora</strong></span> <span class='ocrx_word' id='word_1_115' title='bbox 440 1872 471 1918; x_wconf 88' lang='lat' dir='ltr'><strong>et</strong></span> <span class='ocrx_word' id='word_1_116' title='bbox 489 1859 614 1918; x_wconf 91' lang='lat' dir='ltr'><strong>circulos</strong></span> <span class='ocrx_word' id='word_1_117' title='bbox 632 1860 723 1917; x_wconf 86' lang='lat' dir='ltr'><strong>locuti</strong></span> <span class='ocrx_word' id='word_1_118' title='bbox 740 1872 828 1918; x_wconf 86' lang='lat' dir='ltr'><strong>sunt:</strong></span> <span class='ocrx_word' id='word_1_119' title='bbox 852 1880 908 1917; x_wconf 92' lang='lat' dir='ltr'><strong>nec</strong></span> <span class='ocrx_word' id='word_1_120' title='bbox 922 1858 1088 1936; x_wconf 91' lang='lat' dir='ltr'><strong>quisquam,</strong></span> 
     </span>
     <span class='ocr_line' id='line_1_17' title="bbox 137 1954 1089 2034; baseline 0 -21"><span class='ocrx_word' id='word_1_121' title='bbox 137 1954 238 2013; x_wconf 90' lang='lat' dir='ltr'><strong>audita</strong></span> <span class='ocrx_word' id='word_1_122' title='bbox 250 1968 346 2014; x_wconf 89' lang='lat' dir='ltr'><strong>morte</strong></span> <span class='ocrx_word' id='word_1_123' title='bbox 360 1956 522 2034; x_wconf 85' lang='lat' dir='ltr'><strong>Agricolae,</strong></span> <span class='ocrx_word' id='word_1_124' title='bbox 537 1970 587 2015; x_wconf 91' lang='lat' dir='ltr'><strong>aut</strong></span> <span class='ocrx_word' id='word_1_125' title='bbox 604 1959 719 2016; x_wconf 84' lang='lat' dir='ltr'><strong>laetatus</strong></span> <span class='ocrx_word' id='word_1_126' title='bbox 739 1969 785 2014; x_wconf 91' lang='lat' dir='ltr'><strong>est</strong></span> <span class='ocrx_word' id='word_1_127' title='bbox 804 1970 853 2015; x_wconf 90' lang='lat' dir='ltr'><strong>aut</strong></span> <span class='ocrx_word' id='word_1_128' title='bbox 866 1957 966 2014; x_wconf 91' lang='lat' dir='ltr'><strong>statim</strong></span> <span class='ocrx_word' id='word_1_129' title='bbox 981 1957 1089 2014; x_wconf 90' lang='lat' dir='ltr'><strong>oblitus</strong></span> 
     </span>
     <span class='ocr_line' id='line_1_18' title="bbox 137 2051 1089 2129; baseline 0 -20"><span class='ocrx_word' id='word_1_130' title='bbox 137 2061 191 2109; x_wconf 89' lang='lat' dir='ltr'><strong>est.</strong></span> <span class='ocrx_word' id='word_1_131' title='bbox 232 2051 375 2129; x_wconf 89' lang='lat' dir='ltr'><strong>Augebat</strong></span> <span class='ocrx_word' id='word_1_132' title='bbox 388 2051 609 2110; x_wconf 87' lang='lat' dir='ltr'><strong>miserationem</strong></span> <span class='ocrx_word' id='word_1_133' title='bbox 621 2065 758 2110; x_wconf 87' lang='lat' dir='ltr'><strong>constans</strong></span> <span class='ocrx_word' id='word_1_134' title='bbox 772 2071 881 2121; x_wconf 90' lang='lat' dir='ltr'><strong>rumor,</strong></span> <span class='ocrx_word' id='word_1_135' title='bbox 890 2072 994 2110; x_wconf 81' lang='lat' dir='ltr'><strong>veneno</strong></span> <span class='ocrx_word' id='word_1_136' title='bbox 1004 2053 1089 2110; x_wconf 81' lang='lat' dir='ltr'><strong>inter-</strong></span> 
     </span>
     <span class='ocr_line' id='line_1_19' title="bbox 136 2146 1088 2226; baseline 0.001 -23"><span class='ocrx_word' id='word_1_137' title='bbox 136 2157 256 2222; x_wconf 81' lang='lat' dir='ltr'><strong>ceptum.</strong></span> <span class='ocrx_word' id='word_1_138' title='bbox 297 2146 395 2205; x_wconf 90' lang='lat' dir='ltr'><strong>Nobis</strong></span> <span class='ocrx_word' id='word_1_139' title='bbox 409 2147 482 2204; x_wconf 88' lang='lat' dir='ltr'><strong>nihil</strong></span> <span class='ocrx_word' id='word_1_140' title='bbox 502 2147 646 2226; x_wconf 89' lang='lat' dir='ltr'><strong>comperti</strong></span> <span class='ocrx_word' id='word_1_141' title='bbox 660 2147 805 2207; x_wconf 89' lang='lat' dir='ltr'><strong>affirmare</strong></span> <span class='ocrx_word' id='word_1_142' title='bbox 820 2147 932 2205; x_wconf 85' lang='lat' dir='ltr'><strong>ausim:</strong></span> <span class='ocrx_word' id='word_1_143' title='bbox 955 2161 1088 2206; x_wconf 87' lang='lat' dir='ltr'><strong>ceterum</strong></span> 
     </span>
     <span class='ocr_line' id='line_1_20' title="bbox 137 2240 1089 2321; baseline 0.002 -22"><span class='ocrx_word' id='word_1_144' title='bbox 137 2260 334 2320; x_wconf 89' lang='lat' dir='ltr'><strong>peromnem</strong></span> <span class='ocrx_word' id='word_1_145' title='bbox 356 2242 558 2301; x_wconf 90' lang='lat' dir='ltr'><strong>valetudinem</strong></span> <span class='ocrx_word' id='word_1_146' title='bbox 582 2244 657 2321; x_wconf 88' lang='lat' dir='ltr'><strong>ejus,</strong></span> <span class='ocrx_word' id='word_1_147' title='bbox 678 2240 812 2301; x_wconf 89' lang='lat' dir='ltr'><strong>crebrius</strong></span> <span class='ocrx_word' id='word_1_148' title='bbox 833 2264 923 2320; x_wconf 91' lang='lat' dir='ltr'><strong>quam</strong></span> <span class='ocrx_word' id='word_1_149' title='bbox 943 2264 982 2301; x_wconf 89' lang='lat' dir='ltr'><strong>ex</strong></span> <span class='ocrx_word' id='word_1_150' title='bbox 1005 2264 1089 2301; x_wconf 93' lang='lat' dir='ltr'><strong>more</strong></span> 
     </span>
     <span class='ocr_line' id='line_1_21' title="bbox 136 2335 1090 2416; baseline 0.004 -24"><span class='ocrx_word' id='word_1_151' title='bbox 136 2335 321 2414; x_wconf 89' lang='lat' dir='ltr'><strong>principatus</strong></span> <span class='ocrx_word' id='word_1_152' title='bbox 342 2358 398 2415; x_wconf 88' lang='lat' dir='ltr'><strong>per</strong></span> <span class='ocrx_word' id='word_1_153' title='bbox 416 2339 535 2397; x_wconf 86' lang='lat' dir='ltr'><strong>nuntios</strong></span> <span class='ocrx_word' id='word_1_154' title='bbox 555 2338 686 2408; x_wconf 84' lang='lat' dir='ltr'><strong>visentis,</strong></span> <span class='ocrx_word' id='word_1_155' title='bbox 705 2351 736 2397; x_wconf 89' lang='lat' dir='ltr'><strong>et</strong></span> <span class='ocrx_word' id='word_1_156' title='bbox 754 2338 927 2397; x_wconf 87' lang='lat' dir='ltr'><strong>libertorum</strong></span> <span class='ocrx_word' id='word_1_157' title='bbox 948 2338 1038 2416; x_wconf 92' lang='lat' dir='ltr'><strong>primi</strong></span> <span class='ocrx_word' id='word_1_158' title='bbox 1059 2350 1090 2396; x_wconf 89' lang='lat' dir='ltr'><strong>et</strong></span> 
     </span>
     <span class='ocr_line' id='line_1_22' title="bbox 136 2431 1090 2515; baseline 0.002 -27"><span class='ocrx_word' id='word_1_159' title='bbox 136 2431 319 2515; x_wconf 82' lang='lat' dir='ltr'><strong>medicorum</strong></span> <span class='ocrx_word' id='word_1_160' title='bbox 337 2433 434 2492; x_wconf 88' lang='lat' dir='ltr'><strong>intimi</strong></span> <span class='ocrx_word' id='word_1_161' title='bbox 453 2454 581 2506; x_wconf 85' lang='lat' dir='ltr'><strong>venere;</strong></span> <span class='ocrx_word' id='word_1_162' title='bbox 603 2434 665 2493; x_wconf 83' lang='lat' dir='ltr'><strong>sive</strong></span> <span class='ocrx_word' id='word_1_163' title='bbox 680 2454 751 2492; x_wconf 91' lang='lat' dir='ltr'><strong>cura</strong></span> <span class='ocrx_word' id='word_1_164' title='bbox 763 2433 849 2502; x_wconf 88' lang='lat' dir='ltr'><strong>illud,</strong></span> <span class='ocrx_word' id='word_1_165' title='bbox 864 2435 927 2492; x_wconf 89' lang='lat' dir='ltr'><strong>sive</strong></span> <span class='ocrx_word' id='word_1_166' title='bbox 941 2433 1090 2511; x_wconf 90' lang='lat' dir='ltr'><strong>inquisitio</strong></span> 
     </span>
     <span class='ocr_line' id='line_1_23' title="bbox 137 2527 1090 2607; baseline 0.001 -23"><span class='ocrx_word' id='word_1_167' title='bbox 137 2540 209 2584; x_wconf 87' lang='lat' dir='ltr'><strong>erat.</strong></span> <span class='ocrx_word' id='word_1_168' title='bbox 250 2528 400 2607; x_wconf 89' lang='lat' dir='ltr'><strong>Supremo</strong></span> <span class='ocrx_word' id='word_1_169' title='bbox 415 2530 539 2607; x_wconf 90' lang='lat' dir='ltr'><strong>quidem</strong></span> <span class='ocrx_word' id='word_1_170' title='bbox 553 2529 613 2598; x_wconf 89' lang='lat' dir='ltr'><strong>die,</strong></span> <span class='ocrx_word' id='word_1_171' title='bbox 627 2541 776 2588; x_wconf 89' lang='lat' dir='ltr'><strong>momenta</strong></span> <span class='ocrx_word' id='word_1_172' title='bbox 789 2529 951 2588; x_wconf 86' lang='lat' dir='ltr'><strong>deficientis</strong></span> <span class='ocrx_word' id='word_1_173' title='bbox 963 2548 1019 2606; x_wconf 90' lang='lat' dir='ltr'><strong>per</strong></span> <span class='ocrx_word' id='word_1_174' title='bbox 1032 2527 1090 2585; x_wconf 93' lang='lat' dir='ltr'><strong>dis·</strong></span> 
     </span>
     <span class='ocr_line' id='line_1_24' title="bbox 137 2622 1089 2699; baseline 0.002 -19"><span class='ocrx_word' id='word_1_175' title='bbox 137 2622 249 2699; x_wconf 91' lang='lat' dir='ltr'><strong>positos</strong></span> <span class='ocrx_word' id='word_1_176' title='bbox 264 2643 400 2682; x_wconf 86' lang='lat' dir='ltr'><strong>cursores</strong></span> <span class='ocrx_word' id='word_1_177' title='bbox 410 2625 545 2684; x_wconf 88' lang='lat' dir='ltr'><strong>nuntiata</strong></span> <span class='ocrx_word' id='word_1_178' title='bbox 555 2625 717 2694; x_wconf 84' lang='lat' dir='ltr'><strong>constabat,</strong></span> <span class='ocrx_word' id='word_1_179' title='bbox 728 2626 811 2683; x_wconf 91' lang='lat' dir='ltr'><strong>nullo</strong></span> <span class='ocrx_word' id='word_1_180' title='bbox 822 2624 973 2692; x_wconf 88' lang='lat' dir='ltr'><strong>credente,</strong></span> <span class='ocrx_word' id='word_1_181' title='bbox 985 2624 1027 2681; x_wconf 89' lang='lat' dir='ltr'><strong>sic</strong></span> <span class='ocrx_word' id='word_1_182' title='bbox 1040 2645 1089 2682; x_wconf 87' lang='lat' dir='ltr'><strong>ac·</strong></span> 
     </span>
     <span class='ocr_line' id='line_1_25' title="bbox 138 2718 1091 2798; baseline 0.003 -24"><span class='ocrx_word' id='word_1_183' title='bbox 138 2718 263 2775; x_wconf 87' lang='lat' dir='ltr'><strong>celerari</strong></span> <span class='ocrx_word' id='word_1_184' title='bbox 273 2740 339 2795; x_wconf 82' lang='lat' dir='ltr'><strong>quae</strong></span> <span class='ocrx_word' id='word_1_185' title='bbox 350 2719 440 2777; x_wconf 88' lang='lat' dir='ltr'><strong>tristis</strong></span> <span class='ocrx_word' id='word_1_186' title='bbox 451 2720 574 2779; x_wconf 90' lang='lat' dir='ltr'><strong>audiret.</strong></span> <span class='ocrx_word' id='word_1_187' title='bbox 609 2720 751 2798; x_wconf 87' lang='lat' dir='ltr'><strong>Speciem</strong></span> <span class='ocrx_word' id='word_1_188' title='bbox 762 2732 861 2778; x_wconf 91' lang='lat' dir='ltr'><strong>tamen</strong></span> <span class='ocrx_word' id='word_1_189' title='bbox 872 2719 979 2777; x_wconf 91' lang='lat' dir='ltr'><strong>doloris</strong></span> <span class='ocrx_word' id='word_1_190' title='bbox 990 2719 1091 2777; x_wconf 89' lang='lat' dir='ltr'><strong>animo</strong></span> 
     </span>
     <span class='ocr_line' id='line_1_26' title="bbox 137 2813 1090 2894; baseline 0.002 -25"><span class='ocrx_word' id='word_1_191' title='bbox 137 2814 280 2891; x_wconf 91' lang='lat' dir='ltr'><strong>vultuque</strong></span> <span class='ocrx_word' id='word_1_192' title='bbox 295 2834 358 2893; x_wconf 87' lang='lat' dir='ltr'><strong>praa</strong></span> <span class='ocrx_word' id='word_1_193' title='bbox 374 2836 407 2874; x_wconf 91' lang='lat' dir='ltr'><strong>se</strong></span> <span class='ocrx_word' id='word_1_194' title='bbox 421 2815 498 2885; x_wconf 89' lang='lat' dir='ltr'><strong>tulit,</strong></span> <span class='ocrx_word' id='word_1_195' title='bbox 509 2836 631 2873; x_wconf 91' lang='lat' dir='ltr'><strong>securus</strong></span> <span class='ocrx_word' id='word_1_196' title='bbox 641 2816 706 2894; x_wconf 91' lang='lat' dir='ltr'><strong>jam</strong></span> <span class='ocrx_word' id='word_1_197' title='bbox 721 2815 790 2885; x_wconf 90' lang='lat' dir='ltr'><strong>odii,</strong></span> <span class='ocrx_word' id='word_1_198' title='bbox 802 2827 833 2874; x_wconf 90' lang='lat' dir='ltr'><strong>et</strong></span> <span class='ocrx_word' id='word_1_199' title='bbox 843 2815 894 2892; x_wconf 92' lang='lat' dir='ltr'><strong>qui</strong></span> <span class='ocrx_word' id='word_1_200' title='bbox 905 2813 1020 2872; x_wconf 87' lang='lat' dir='ltr'><strong>facilius</strong></span> <span class='ocrx_word' id='word_1_201' title='bbox 1032 2813 1090 2871; x_wconf 90' lang='lat' dir='ltr'><strong>dis·</strong></span> 
     </span>
     <span class='ocr_line' id='line_1_27' title="bbox 138 2908 1090 2989; baseline 0.001 -24"><span class='ocrx_word' id='word_1_202' title='bbox 138 2908 290 2967; x_wconf 87' lang='lat' dir='ltr'><strong>simularet</strong></span> <span class='ocrx_word' id='word_1_203' title='bbox 307 2909 447 2987; x_wconf 92' lang='lat' dir='ltr'><strong>gaudium</strong></span> <span class='ocrx_word' id='word_1_204' title='bbox 469 2931 560 2989; x_wconf 90' lang='lat' dir='ltr'><strong>quam</strong></span> <span class='ocrx_word' id='word_1_205' title='bbox 577 2923 701 2970; x_wconf 88' lang='lat' dir='ltr'><strong>metum.</strong></span> <span class='ocrx_word' id='word_1_206' title='bbox 741 2910 821 2969; x_wconf 88' lang='lat' dir='ltr'><strong>Satis</strong></span> <span class='ocrx_word' id='word_1_207' title='bbox 836 2911 996 2979; x_wconf 85' lang='lat' dir='ltr'><strong>constabat,</strong></span> <span class='ocrx_word' id='word_1_208' title='bbox 1010 2910 1090 2966; x_wconf 90' lang='lat' dir='ltr'><strong>lecto</strong></span> 
     </span>
     <span class='ocr_line' id='line_1_28' title="bbox 138 3003 1092 3084; baseline 0 -24"><span class='ocrx_word' id='word_1_209' title='bbox 138 3015 315 3062; x_wconf 88' lang='lat' dir='ltr'><strong>testamento</strong></span> <span class='ocrx_word' id='word_1_210' title='bbox 336 3003 495 3082; x_wconf 87' lang='lat' dir='ltr'><strong>Agricolae,</strong></span> <span class='ocrx_word' id='word_1_211' title='bbox 518 3025 577 3082; x_wconf 94' lang='lat' dir='ltr'><strong>quo</strong></span> <span class='ocrx_word' id='word_1_212' title='bbox 601 3005 779 3065; x_wconf 89' lang='lat' dir='ltr'><strong>coheredem</strong></span> <span class='ocrx_word' id='word_1_213' title='bbox 805 3004 925 3084; x_wconf 76' lang='lat' dir='ltr'><strong>optimas</strong></span> <span class='ocrx_word' id='word_1_214' title='bbox 948 3004 1036 3062; x_wconf 89' lang='lat' dir='ltr'><strong>uxori</strong></span> <span class='ocrx_word' id='word_1_215' title='bbox 1061 3016 1092 3061; x_wconf 88' lang='lat' dir='ltr'><strong>et</strong></span> 
     </span>
     <span class='ocr_line' id='line_1_29' title="bbox 139 3099 1091 3180; baseline 0.001 -25"><span class='ocrx_word' id='word_1_216' title='bbox 139 3099 277 3176; x_wconf 88' lang='lat' dir='ltr'><strong>piissimae</strong></span> <span class='ocrx_word' id='word_1_217' title='bbox 287 3100 357 3158; x_wconf 71' lang='lat' dir='ltr'><strong>filies</strong></span> <span class='ocrx_word' id='word_1_218' title='bbox 367 3100 574 3158; x_wconf 91' lang='lat' dir='ltr'><strong>Domitianum</strong></span> <span class='ocrx_word' id='word_1_219' title='bbox 584 3100 713 3180; x_wconf 90' lang='lat' dir='ltr'><strong>scripsit,</strong></span> <span class='ocrx_word' id='word_1_220' title='bbox 723 3103 856 3160; x_wconf 85' lang='lat' dir='ltr'><strong>laetatum</strong></span> <span class='ocrx_word' id='word_1_221' title='bbox 868 3120 938 3159; x_wconf 92' lang='lat' dir='ltr'><strong>eum</strong></span> <span class='ocrx_word' id='word_1_222' title='bbox 948 3102 1031 3157; x_wconf 87' lang='lat' dir='ltr'><strong>velut</strong></span> <span class='ocrx_word' id='word_1_223' title='bbox 1041 3099 1091 3156; x_wconf 90' lang='lat' dir='ltr'><strong>ho·</strong></span> 
     </span>
     <span class='ocr_line' id='line_1_30' title="bbox 138 3192 1091 3276; baseline 0 -26"><span class='ocrx_word' id='word_1_224' title='bbox 138 3214 211 3252; x_wconf 91' lang='lat' dir='ltr'><strong>nore</strong></span> <span class='ocrx_word' id='word_1_225' title='bbox 221 3195 412 3273; x_wconf 84' lang='lat' dir='ltr'><strong>judicioque:</strong></span> <span class='ocrx_word' id='word_1_226' title='bbox 427 3209 488 3255; x_wconf 88' lang='lat' dir='ltr'><strong>tam</strong></span> <span class='ocrx_word' id='word_1_227' title='bbox 499 3217 580 3256; x_wconf 88' lang='lat' dir='ltr'><strong>caeca</strong></span> <span class='ocrx_word' id='word_1_228' title='bbox 590 3210 622 3257; x_wconf 87' lang='lat' dir='ltr'><strong>et</strong></span> <span class='ocrx_word' id='word_1_229' title='bbox 632 3210 772 3276; x_wconf 89' lang='lat' dir='ltr'><strong>corrupta</strong></span> <span class='ocrx_word' id='word_1_230' title='bbox 784 3217 869 3255; x_wconf 87' lang='lat' dir='ltr'><strong>mens</strong></span> <span class='ocrx_word' id='word_1_231' title='bbox 882 3192 1005 3254; x_wconf 80' lang='lat' dir='ltr'><strong>assiduis</strong></span> <span class='ocrx_word' id='word_1_232' title='bbox 1020 3194 1091 3251; x_wconf 92' lang='lat' dir='ltr'><strong>adu·</strong></span> 
     </span>
     <span class='ocr_line' id='line_1_31' title="bbox 138 3289 1093 3372; baseline 0.001 -27"><span class='ocrx_word' id='word_1_233' title='bbox 138 3289 297 3349; x_wconf 85' lang='lat' dir='ltr'><strong>lotionibus</strong></span> <span class='ocrx_word' id='word_1_234' title='bbox 311 3304 384 3362; x_wconf 90' lang='lat' dir='ltr'><strong>erat,</strong></span> <span class='ocrx_word' id='word_1_235' title='bbox 397 3304 429 3350; x_wconf 89' lang='lat' dir='ltr'><strong>ut</strong></span> <span class='ocrx_word' id='word_1_236' title='bbox 441 3292 570 3350; x_wconf 88' lang='lat' dir='ltr'><strong>nesciret</strong></span> <span class='ocrx_word' id='word_1_237' title='bbox 591 3313 610 3351; x_wconf 91' lang='lat' dir='ltr'><strong>a</strong></span> <span class='ocrx_word' id='word_1_238' title='bbox 628 3292 708 3352; x_wconf 90' lang='lat' dir='ltr'><strong>bono</strong></span> <span class='ocrx_word' id='word_1_239' title='bbox 726 3305 812 3372; x_wconf 90' lang='lat' dir='ltr'><strong>patre</strong></span> <span class='ocrx_word' id='word_1_240' title='bbox 831 3312 890 3351; x_wconf 90' lang='lat' dir='ltr'><strong>nou</strong></span> <span class='ocrx_word' id='word_1_241' title='bbox 904 3289 993 3350; x_wconf 89' lang='lat' dir='ltr'><strong>scribi</strong></span> <span class='ocrx_word' id='word_1_242' title='bbox 1006 3291 1093 3347; x_wconf 89' lang='lat' dir='ltr'><strong>here·</strong></span> 
     </span>
     <span class='ocr_line' id='line_1_32' title="bbox 140 3381 595 3467; baseline 0.013 -28"><span class='ocrx_word' id='word_1_243' title='bbox 140 3381 209 3441; x_wconf 91' lang='lat' dir='ltr'><strong>dem</strong></span> <span class='ocrx_word' id='word_1_244' title='bbox 223 3386 280 3443; x_wconf 89' lang='lat' dir='ltr'><strong>nisi</strong></span> <span class='ocrx_word' id='word_1_245' title='bbox 293 3389 405 3446; x_wconf 86' lang='lat' dir='ltr'><strong>malum</strong></span> <span class='ocrx_word' id='word_1_246' title='bbox 419 3387 595 3467; x_wconf 87' lang='lat' dir='ltr'><strong>principem.</strong></span> 
     </span>
    </p>

    <p class='ocr_par' dir='ltr' id='par_1_5' title="bbox 140 3478 1094 3848">
     <span class='ocr_line' id='line_1_33' title="bbox 178 3478 1094 3562; baseline 0 -24"><span class='ocrx_word' id='word_1_247' title='bbox 178 3481 296 3540; x_wconf 89' lang='lat' dir='ltr'><strong>XLIV.</strong></span> <span class='ocrx_word' id='word_1_248' title='bbox 318 3482 414 3542; x_wconf 87' lang='lat' dir='ltr'><strong>Natus</strong></span> <span class='ocrx_word' id='word_1_249' title='bbox 425 3496 490 3543; x_wconf 89' lang='lat' dir='ltr'><strong>erat</strong></span> <span class='ocrx_word' id='word_1_250' title='bbox 499 3478 641 3561; x_wconf 84' lang='lat' dir='ltr'><strong>Agricola</strong></span> <span class='ocrx_word' id='word_1_251' title='bbox 652 3482 729 3541; x_wconf 84' lang='lat' dir='ltr'><strong>Caio</strong></span> <span class='ocrx_word' id='word_1_252' title='bbox 740 3483 861 3542; x_wconf 79' lang='lat' dir='ltr'><strong>Gaesare</strong></span> <span class='ocrx_word' id='word_1_253' title='bbox 872 3482 1003 3562; x_wconf 88' lang='lat' dir='ltr'><strong>primum</strong></span> <span class='ocrx_word' id='word_1_254' title='bbox 1014 3482 1094 3540; x_wconf 82' lang='lat' dir='ltr'><strong>Con-</strong></span> 
     </span>
     <span class='ocr_line' id='line_1_34' title="bbox 140 3575 1093 3656; baseline 0.001 -25"><span class='ocrx_word' id='word_1_255' title='bbox 140 3575 205 3632; x_wconf 90' lang='lat' dir='ltr'><strong>sule</strong></span> <span class='ocrx_word' id='word_1_256' title='bbox 224 3575 328 3636; x_wconf 89' lang='lat' dir='ltr'><strong>Idibus</strong></span> <span class='ocrx_word' id='word_1_257' title='bbox 346 3578 466 3638; x_wconf 88' lang='lat' dir='ltr'><strong>Juniis:</strong></span> <span class='ocrx_word' id='word_1_258' title='bbox 489 3576 618 3636; x_wconf 89' lang='lat' dir='ltr'><strong>excessit</strong></span> <span class='ocrx_word' id='word_1_259' title='bbox 636 3590 722 3635; x_wconf 87' lang='lat' dir='ltr'><strong>sexto</strong></span> <span class='ocrx_word' id='word_1_260' title='bbox 740 3590 771 3636; x_wconf 91' lang='lat' dir='ltr'><strong>et</strong></span> <span class='ocrx_word' id='word_1_261' title='bbox 784 3576 1030 3656; x_wconf 83' lang='lat' dir='ltr'><strong>quiuquagesimo</strong></span> <span class='ocrx_word' id='word_1_262' title='bbox 1044 3595 1093 3632; x_wconf 91' lang='lat' dir='ltr'><strong>an·</strong></span> 
     </span>
     <span class='ocr_line' id='line_1_35' title="bbox 140 3669 1094 3752; baseline -0.001 -25"><span class='ocrx_word' id='word_1_263' title='bbox 140 3689 191 3739; x_wconf 91' lang='lat' dir='ltr'><strong>no,</strong></span> <span class='ocrx_word' id='word_1_264' title='bbox 202 3669 320 3730; x_wconf 91' lang='lat' dir='ltr'><strong>decimo</strong></span> <span class='ocrx_word' id='word_1_265' title='bbox 334 3673 487 3732; x_wconf 88' lang='lat' dir='ltr'><strong>Kalendas</strong></span> <span class='ocrx_word' id='word_1_266' title='bbox 502 3672 690 3751; x_wconf 86' lang='lat' dir='ltr'><strong>Septembris</strong></span> <span class='ocrx_word' id='word_1_267' title='bbox 704 3672 833 3752; x_wconf 81' lang='lat' dir='ltr'><strong>Collega</strong></span> <span class='ocrx_word' id='word_1_268' title='bbox 846 3673 1010 3748; x_wconf 89' lang='lat' dir='ltr'><strong>Priscoque</strong></span> <span class='ocrx_word' id='word_1_269' title='bbox 1024 3690 1094 3727; x_wconf 88' lang='lat' dir='ltr'><strong>con-</strong></span> 
     </span>
     <span class='ocr_line' id='line_1_36' title="bbox 141 3765 1094 3848; baseline 0.003 -27"><span class='ocrx_word' id='word_1_270' title='bbox 141 3765 265 3823; x_wconf 88' lang='lat' dir='ltr'><strong>sulibus.</strong></span> <span class='ocrx_word' id='word_1_271' title='bbox 311 3767 429 3839; x_wconf 81' lang='lat' dir='ltr'><strong>Quodsi</strong></span> <span class='ocrx_word' id='word_1_272' title='bbox 450 3769 585 3826; x_wconf 88' lang='lat' dir='ltr'><strong>habitum</strong></span> <span class='ocrx_word' id='word_1_273' title='bbox 606 3787 724 3846; x_wconf 90' lang='lat' dir='ltr'><strong>quoque</strong></span> <span class='ocrx_word' id='word_1_274' title='bbox 746 3769 811 3846; x_wconf 86' lang='lat' dir='ltr'><strong>ejus</strong></span> <span class='ocrx_word' id='word_1_275' title='bbox 833 3766 946 3848; x_wconf 86' lang='lat' dir='ltr'><strong>posteri</strong></span> <span class='ocrx_word' id='word_1_276' title='bbox 968 3784 1094 3824; x_wconf 89' lang='lat' dir='ltr'><strong>noscere</strong></span> 
     </span>
    </p>
   </div>
   <div class='ocr_carea' id='block_1_5' title="bbox 0 0 1208 4328">
    <p class='ocr_par' dir='ltr' id='par_1_6' title="bbox 0 0 1208 4328">
     <span class='ocr_line' id='line_1_37' title="bbox 0 0 1208 4328; baseline 0 0"><span class='ocrx_word' id='word_1_277' title='bbox 0 0 1208 4328; x_wconf 95' lang='lat' dir='ltr'><strong> </strong></span> 
     </span>
    </p>
   </div>
  </div>
 </body>
</html>
