2394 4328
352 389 391 430 na
414 388 705 431 crannum-car.
730 388 840 432 x.-xu.
1055 374 1074 430 't

118 523 176 582 alia
186 521 352 581 observatio
363 521 571 600 auspiciorum,
582 541 640 597 que
650 520 786 598 gravium
795 521 939 579 bellorum
949 535 1075 578 eventus

118 620 283 697 explorant.
324 617 400 696 Ejus
423 617 529 696 gentis,
545 637 613 675 cum
635 637 693 692 qua
711 617 825 675 bellum
846 629 899 685 est,
915 617 1074 693 captivum,

117 735 237 792 quoquo
247 713 336 771 modo
345 713 553 792 interceptum,
561 732 629 770 cum
639 713 737 770 electo
745 711 1074 791 populariumsuorum‚

117 809 220 888 patriis
241 829 388 887 quemque
413 809 524 878 armis,
532 807 740 867 committunt.
769 807 897 866 victoria
915 807 1004 885 hujus
1026 808 1072 865 vel

116 905 196 963 'lius
210 925 265 984 pro
280 925 352 984 praeJ
339 903 455 982 judicio
469 917 624 982 acc1p1tur
603 929 669 1012 ἤ

156 1001 213 1060 XI.
234 1001 283 1059 De
294 999 458 1058 minoribus
468 1000 557 1057 rebus
566 999 715 1078 principes
727 999 911 1070 consultant3
933 997 972 1056 de
983 999 1063 1076 majo

117 1095 199 1155 ribus
213 1116 332 1154 omnes.
354 1095 395 1153 ita
408 1108 519 1163 tamen,
528 1106 561 1151 ut
575 1114 612 1151 ea
626 1114 890 1171 quoque,quorum
904 1114 997 1173 penes
1011 1096 1062 1172 ple

119 1192 186 1250 bem
198 1190 353 1248 arbitrium
364 1202 419 1258 est,
432 1187 511 1266 apud
523 1188 674 1266 principes
686 1201 913 1266 pertractentur.
947 1189 1074 1258 Coeunt,

120 1286 177 1345 nisi
188 1285 259 1362 quid
271 1285 423 1343 fortuitum
435 1297 465 1342 et
480 1284 611 1342 subitum
620 1283 767 1352 inciderit,
779 1283 868 1341 certis
879 1282 995 1351 diebus,
1007 1304 1075 1342 cum

118 1395 170 1441 eut
186 1381 340 1439 inchoatur
353 1382 434 1449 luna,
449 1392 498 1438 aut
515 1380 674 1457 impletur:
696 1398 766 1436 nam
781 1378 903 1456 agendis
918 1380 1007 1436 rebus
1021 1379 1076 1436 hoc

119 1476 386 1556 auspicatissimum
397 1476 514 1533 initium
526 1475 659 1534 credunt.
701 1475 769 1534 Nec
780 1475 897 1532 dierum
910 1494 1076 1544 numerum,

119 1587 152 1631 ut
167 1593 229 1639 nos,
245 1571 298 1630 sed
314 1572 447 1630 noctium
462 1585 643 1650 computant.
685 1571 736 1629 Sic
751 1571 940 1640 constituunt,
954 1570 995 1628 sic
1010 1590 1076 1629 con·

119 1668 239 1740 dicuut;
267 1689 328 1726 nox
353 1662 464 1727 du‘cere
489 1668 569 1726 diem
591 1668 717 1727 videtur.
770 1668 849 1726 Illud
874 1689 913 1727 ex
936 1668 1075 1728 libertate

118 1764 232 1834 vitium,
246 1763 327 1842 quod
349 1785 406 1822 non
428 1765 525 1833 simul,
540 1785 597 1822 nec
619 1778 651 1823 ut
666 1765 744 1842 J‘ussi
765 1765 953 1834 conveniunt,
971 1766 1024 1823 sed
1046 1778 1076 1823 et

119 1863 234 1918 alteret
247 1861 350 1919 tertius
364 1861 428 1918 dies
440 1859 626 1919 cunctatione
641 1861 811 1919 coeuntium
825 1861 997 1919 absumitur.
1033 1861 1076 1918 Ut

118 1957 211 2014 turbae
232 1956 353 2034 placuit,
371 1955 532 2014 considunt
556 1956 670 2016 armati.
716 1956 877 2015 Silentium
900 1977 956 2034 per
979 1976 1076 2014 sacer·

118 2051 212 2121 dotes,
227 2052 334 2129 quibus
349 2064 412 2108 tum
431 2065 462 2110 et
479 2051 638 2109 coercendi
650 2052 702 2130 J'us
719 2065 773 2121 est,
787 2052 960 2131 imperatur.
1000 2053 1075 2109 Mox

116 2168 182 2218 rex,
193 2149 240 2205 vel
257 2146 408 2224 princeps,
419 2160 508 2223 prout
521 2159 593 2204 aetas
607 2147 724 2223 cuique,
736 2160 823 2225 prout
832 2147 979 2216 nobilitas,
989 2160 1076 2224 prout

118 2243 211 2301 decus
225 2243 383 2318 bellorum,
397 2254 485 2319 prout
498 2239 638 2298 facundia
653 2254 705 2310 est,
721 2241 891 2307 audiuntur,
902 2241 1076 2299 auctoritate

120 2337 264 2396 suadendi
275 2336 378 2413 magis,
389 2356 478 2414 quam
483 2335 611 2413 jubendi
620 2349 778 2421 potestate.
809 2336 843 2394 Si
851 2335 1001 2414 displicuit
1012 2356 1076 2394 sen·

118 2433 219 2502 tentia,
231 2432 353 2491 fremitu
364 2422 599 2511 adspemantur3
622 2432 668 2489 sin
678 2432 799 2511 placuit,
810 2432 937 2491 frameas
948 2432 1075 2490 concuti-

117 2543 179 2588 unt.
218 2528 489 2587 Honoratissimum
504 2527 647 2586 adsensus
662 2549 757 2607 genus
772 2541 824 2598 est,
840 2528 928 2586 armis
943 2530 1074 2589 laudare.

84 2653 96 2659 -
157 2625 231 2684 XII.
262 2625 349 2683 Licet
374 2623 454 2703 apud
478 2624 632 2683 consilium
657 2645 796 2683 accusare
820 2645 940 2702 quoque
966 2638 996 2682 et
1016 2625 1075 2683 dis·

119 2720 230 2779 crimen
242 2721 346 2799 capitis
356 2719 519 2779 intendere.
561 2721 724 2780 Distinctio
734 2741 889 2798 poenarum
905 2741 944 2778 ex
954 2720 1075 2780 delicto.

119 2816 290 2875 Proditores
302 2831 332 2876 et
343 2816 510 2895 transfugas
522 2817 677 2875 arboribus
688 2818 889 2897 suspendunt:
908 2817 1033 2894 ignavos
1045 2832 1076 2876 et

118 2912 255 2971 imbelles
278 2925 309 2970 et
328 2933 455 2990 corpore
474 2912 601 2970 infames
619 2933 704 2970 coeno
722 2933 756 2971 ac
773 2913 892 2991 palude,
906 2912 1017 2990 injecta
1033 2914 1075 2969 in·

118 3028 210 3086 super
225 3020 315 3076 crate,
330 3020 478 3084 mergunt.
519 3008 687 3066 Diversitas
702 3007 843 3085 supplicii
857 3008 929 3064 illuc
944 3006 1075 3084 respicit,

118 3117 272 3178 tamquam
282 3102 396 3159 scelera
410 3102 526 3158 ostendi
538 3115 681 3179 oporteat,
693 3102 764 3160 dum
778 3102 952 3181 puniuntur,
963 3100 1077 3176 flagitia

40 3215 47 3227 ·
119 3194 271 3258 abscondi.
322 3194 385 3252 Sed
407 3208 438 3252 et
460 3195 623 3253 levioribus
644 3195 761 3253 delictis
788 3216 842 3272 pro
864 3195 953 3253 modo
979 3216 1076 3273 poena.

70 3297 72 3300 ⁴
119 3295 280 3371 Equorum
293 3308 496 3399 pecorumque
511 3309 636 3346 numero
652 3289 780 3346 convicti
795 3291 965 3349 multantur.
1000 3291 1076 3349 Pars

119 3391 220 3448 multas
238 3386 311 3464 regi,
325 3386 375 3443 vel
392 3383 511 3453 civitati,
525 3404 596 3462 pars
613 3384 678 3462 ipsi,
693 3405 743 3461 qur
735 3384 932 3456 vindicatur,
946 3389 993 3445 vel
1008 3407 1076 3464 pro·

120 3484 238 3594 pipquis
253 3484 319 3562 ejus
335 3480 513 3573 exsplvitur.
548 3479 738 3558 Eliguntur
730 3501 760 3539 m
778 3480 884 3539 iisdem
898 3482 1029 3542 conciliis
1046 3495 1077 3542 et

121 3579 277 3659 principes,
293 3576 344 3655 qui
353 3577 424 3655 J'ura
437 3587 494 3654 per
505 3566 601 3655 pagos
615 3575 757 3654 vicosque
757 3562 929 3654 reddant.
947 3560 1077 3637 Centeui

119 3675 243 3753 siugulis
259 3693 298 3732 ex
315 3673 405 3752 plebe
422 3671 554 3742 comites,
570 3671 725 3733 consilium
747 3671 836 3731 simul
854 3685 887 3734 et
907 3673 1077 3744 auctoritas,

119 3770 228 3832 adsunt
