2394 4328
350 378 390 420 on
405 377 698 420 crunnum—cnr.
715 376 884 420 xrv.-xvu.
1078 365 1098 422 9

139 508 219 569 belle
229 522 260 568 et
269 522 380 589 raptus.
422 510 453 568 N
455 531 490 569 ec
501 530 584 569 erare
595 523 714 580 terram,
727 522 777 568 eut
788 522 966 588 exspectare
978 530 1097 580 annum,

139 619 200 664 tum
221 606 312 665 facile
333 607 528 686 persuaseris,
553 627 643 683 quum
665 625 772 664 vocare
793 607 894 664 hostes
919 618 950 663 et
972 607 1098 663 vulnere

139 703 257 762 mereri.
298 703 424 782 Pigmm
437 703 509 781 quin
523 702 615 760 immo
630 715 662 761 et
677 703 759 759 iners
773 701 899 770 videtur,
917 700 1025 759 sudore
1047 702 1097 759 ad·

139 799 267 876 quirere,
283 799 363 877 quod
376 800 474 878 possis
488 800 633 877 sanguine
649 819 764 878 parare.

177 895 248 953 XV.
270 895 419 966 Quotiens
431 896 512 953 bella
522 915 581 952 non
591 894 705 965 ineunt,
717 896 843 952 multum
853 895 1018 965 venatibus,
1027 896 1095 973 plue

49 978 54 987 ’
138 1010 194 1068 per
207 991 300 1048 otium
314 990 488 1068 transigunt,
503 990 596 1048 dediti
610 1010 715 1048 somno
729 990 863 1067 ciboque.
904 991 1094 1049 Fortissimus

139 1087 265 1163 quisque
280 1105 315 1143 ac
327 1085 570 1143 bellicosissimus
587 1085 660 1142 nihil
677 1106 776 1162 egens,
791 1085 931 1163 delegata
944 1086 1048 1145 domus
1065 1100 1094 1144 et

139 1181 296 1259 penatium
321 1194 351 1239 et
371 1201 511 1258 agrorum
533 1201 604 1238 cura
623 1180 742 1238 feminis
764 1182 943 1257 senibusque
968 1196 997 1240 et
1018 1183 1095 1241 infir·
1125 1213 1133 1227 ·

140 1276 275 1334 missimo
290 1276 397 1352 cuique
415 1296 454 1333 ex
468 1275 591 1344 familia,
609 1276 666 1353 ipsi
682 1276 812 1334 hebent:
837 1277 912 1333 mira
926 1276 1096 1336 diversitate

141 1384 266 1442 naturae,
279 1393 346 1429 cum
362 1372 454 1430 iidem
468 1371 604 1430 homines
616 1372 658 1429 sic
673 1383 771 1429 ament
785 1371 921 1428 inertiam
937 1380 966 1428 et
980 1371 1098 1430 oderint

141 1470 281 1547 quietem.
321 1471 388 1528 Mos
411 1485 457 1529 est
481 1471 658 1539 civitatibus,
674 1472 753 1529 ultro
776 1491 811 1529 ac
828 1471 939 1528 viritim
962 1472 1097 1529 conferre

140 1565 325 1644 principibus
346 1569 393 1625 vel
408 1579 619 1637 armentorum,
630 1568 677 1624 vel
687 1567 816 1645 frugum,
829 1566 908 1644 quod
917 1587 972 1645 pro
983 1568 1096 1626 honore

141 1674 296 1740 acceptum
315 1663 405 1720 etiam
426 1658 653 1720 necessitatibus
674 1662 821 1721 subvenit.
861 1662 1002 1720 Gaudent
1022 1683 1097 1742 prae·

141 1757 230 1835 cipue
238 1758 429 1815 finitimarum
443 1758 576 1835 gentium
585 1757 753 1835 donis,quae
762 1779 819 1816 non
832 1757 921 1816 modo
933 1760 1096 1837 seiugatis,

140 1853 237 1912 sedet
253 1856 372 1933 publice
391 1855 564 1928 mittuntur;
585 1855 674 1914 electi
697 1855 774 1932 equi,
788 1844 899 1933 magna
920 1875 1012 1925 arma,
1027 1857 1097 1934 pha-

46 2012 50 2017 ,
140 1951 221 2019 lerae‚
236 1964 424 2028 torquesque.
463 1952 484 2009 J
487 1971 535 2008 nm
550 1963 581 2008 et
591 1951 751 2028 pecuniam
766 1952 903 2030 accipere
918 1951 1084 2010 docuimus.

180 2047 268 2105 XVI.
289 2048 396 2105 Nullas
407 2048 629 2105 Germanorum
642 2047 762 2124 populis
776 2048 865 2104 urbes
879 2047 1015 2116 habitari,
1027 2046 1098 2105 satis

141 2156 243 2200 notum
255 2157 319 2201 est:
341 2163 380 2200 ne
392 2143 453 2221 pati
466 2142 588 2219 quidem
599 2142 677 2199 inter
688 2163 719 2198 se
727 2143 848 2220 junctas
860 2142 955 2199 sedes.
990 2142 1098 2201 Colunt

142 2238 262 2295 discreti
278 2258 311 2295 nc
327 2238 447 2308 diversi,
461 2250 493 2294 ut
506 2238 582 2306 fons,
596 2250 630 2300 ut
650 2257 781 2315 campus,
797 2250 831 2294 ut
849 2257 956 2294 nemus
977 2238 1097 2315 placuit.

142 2333 234 2390 Vicos
251 2334 359 2401 locant,
373 2354 433 2391 non
451 2333 480 2390 in
499 2345 631 2390 nostrum
648 2353 773 2402 morem,
788 2332 932 2391 connexis
953 2345 984 2390 et
1003 2333 1099 2392 cohae·

142 2429 275 2485 rentibus
285 2427 433 2488 aedificiis:
450 2448 535 2486 suam
547 2427 672 2505 quisque
683 2427 805 2485 domum
814 2428 912 2508 spatio
921 2428 1098 2500 circumdat,

141 2524 204 2582 sive
227 2524 369 2583 adversus
391 2545 477 2583 casus
498 2523 577 2602 ignis
594 2523 771 2592 remedium,
786 2523 848 2583 sive
871 2524 988 2582 inscitie
1009 2524 1098 2582 aedili·

142 2621 238 2679 candi.
279 2621 329 2679 Ne
342 2634 555 2679 caementorum
567 2619 688 2698 quidem
701 2620 780 2699 apud
790 2621 856 2678 illos
870 2633 920 2678 aut
930 2606 1097 2698 tegularum

142 2735 229 2775 usus:
251 2718 379 2775 materia
399 2717 436 2775 nd
458 2717 558 2774 omnia
578 2730 703 2775 utuntur
722 2717 842 2775 informi
863 2730 894 2774 et
911 2716 985 2774 citra
1005 2716 1099 2794 speci·

142 2832 189 2870 em
205 2826 255 2871 aut
271 2813 509 2872 delectationem.
552 2811 702 2883 Quaedam
716 2814 783 2871 loca
796 2811 966 2890 diligentins
981 2812 1100 2870 illinunt

142 2921 230 2975 terra,
244 2908 285 2964 ita
299 2928 375 2985 pura
389 2929 423 2966 ac
441 2908 626 2987 splendente,
641 2921 674 2966 ut
691 2908 839 2986 picturam
862 2928 896 2966 ac
918 2908 1099 2965 lineamenta

142 3006 277 3063 colorum
292 3003 430 3062 imitetur.
471 3004 577 3063 Solent
591 3018 621 3062 et
635 3005 843 3062 subterraneos
854 3023 960 3079 specus
973 3004 1098 3078 operire,

142 3118 254 3174 eosque
275 3099 510 3178 multoiusuper
531 3100 601 3156 fimo
622 3110 756 3166 onerant,
774 3096 935 3176 suffugium
956 3096 1048 3153 hiemi
1070 3111 1111 3155 et·

142 3194 364 3271 receptaculum
381 3192 535 3268 frugibus:
557 3192 628 3268 quia
643 3192 773 3268 rigorem
790 3190 936 3267 frigorum
954 3191 1100 3268 ejusmodi

142 3289 216 3347 locis
233 3288 387 3356 molliunt;
410 3298 448 3357 et,
462 3286 487 3343 si
501 3284 622 3362 quando
634 3286 726 3344 bostis
745 3285 875 3354 advenit,
888 3298 993 3364 aperta
1006 3307 1099 3366 popu-

143 3386 230 3454 letur,
246 3384 347 3443 abdita
364 3376 463 3442 antem
482 3393 513 3440 et
526 3380 643 3440 defossa
660 3395 710 3439 aut
723 3381 904 3460 ignorantur,
920 3395 970 3440 eut
984 3403 1020 3440 eo
1034 3382 1095 3462 ipsc

144 3480 259 3549 fallunt,
274 3480 354 3557 quod
368 3477 531 3556 quaerenda
547 3491 623 3551 sunt.

185 3577 289 3636 XVII.
312 3577 468 3654 Tegumen
489 3574 629 3633 omnibus
651 3594 765 3652 sagum,
780 3573 880 3643 fibula,
896 3587 954 3643 aut,
971 3575 995 3632 si
1013 3573 1091 3632 desit

146 3674 232 3754 spine
253 3686 439 3731 consertum:
462 3685 563 3732 cetera
585 3671 687 3735 intecti
710 3683 789 3728 totos
811 3670 875 3728 dies
892 3670 979 3747 juxta
1000 3670 1095 3728 focum

147 3783 235 3849 utque
252 3770 352 3848 ignem
372 3782 470 3848 agunt.
513 3767 756 3847 Locupletissimi
773 3780 855 3826 veste
871 3767 1091 3845 distinguuntur

593 3866 621 3921 A
637 3869 655 3921 2
