2394 4328
440 305 467 345 G·
491 301 668 344 CORNELIUS
690 301 825 343 'raclrus

180 435 268 494 hythe
285 433 398 481 chamavi
414 434 460 478 aud
474 432 614 490 Angrivarii.
650 433 773 479 XXXIV.
786 431 836 477 The
847 429 975 487 Dulgibini,
988 431 1112 486 ebusum-l,

180 509 259 556 Frisii.
298 508 405 552 XXXV.
427 506 477 552 The
503 506 582 560 Oauci,
606 505 777 564 distinguished
793 505 827 549 ior
843 504 905 549 their
920 504 972 548 love
988 504 1015 549 oi
1028 519 1112 561 peace,

181 582 242 628 their
248 581 343 639 justice,
356 580 401 624 and
411 579 477 624 other
486 579 582 624 virtues.
612 579 737 629 XXXVI,
748 578 798 623 The
806 575 918 622 Cherusci
931 577 976 621 and
987 578 1051 629 Fosi,
1058 592 1112 622 con-

181 655 269 710 quered
280 655 312 711 by
322 653 362 699 tlte
376 652 446 697 Catti-
480 652 619 697 XXXVII.
630 651 680 696 The
699 651 914 696 Cimbri-Roman
930 649 1112 696 overthrow.-

181 728 231 773 Tbe
240 728 354 772 Germana
365 726 497 783 triumpbed
509 739 565 770 over
574 725 653 770 rather
663 725 719 770 tlran
728 724 866 780 oonquered.
896 724 1048 775 XXXVIII,
1060 725 1110 770 The

180 800 259 852 Saevi,
266 800 328 845 their
333 799 449 851 numbers,
457 798 518 844 their
527 806 635 844 customs.
665 799 790 845 XXXIX.
799 798 849 842 'Ibe
856 799 991 850 Semnones,
1000 799 1111 856 religious

180 875 244 925 rites,
256 874 341 918 human
358 871 481 918 sacrifices.
511 872 629 919 XL.The
640 871 794 928 Langobardi,
804 871 929 927 Reudigni,
943 872 1051 919 Aviones.
1063 875 1111 916 An·

180 947 218 1005 gli,
231 947 352 992 &c—'Ihe
368 945 470 1001 worship
487 943 513 989 of
526 944 618 989 Hertha
635 958 738 988 common
749 952 773 988 tu
785 944 822 987 all
852 944 919 988 XLI.
934 945 984 989 The
996 945 1110 989 Hermun·

180 1018 237 1061 duri.
267 1016 346 1062 XLII.
362 1016 412 1060 The
423 1015 522 1066 Narisci,
531 1015 693 1067 Marcomanni,
703 1015 789 1061 Quadi.
818 1015 912 1061 XLIII.
928 1015 977 1059 The
989 1014 1110 1071 Marsigni,

181 1090 282 1140 Gothini,
295 1089 345 1140 Osi,
361 1088 425 1139 Buri,
454 1089 574 1133 dcc-The
594 1088 734 1140 Nahurvali;
749 1088 812 1132 their
830 1087 921 1139 deitIes,
940 1088 1031 1132 termed
1045 1087 1110 1140 Alcis

180 1163 220 1209 the
245 1163 355 1215 Gotones,
379 1161 467 1218 augin
484 1161 596 1206 Lemovii.
625 1161 716 1205 XLIV.
732 1160 781 1206 The
799 1160 905 1212 Suiones,
922 1160 1036 1217 poweriul
1050 1160 1110 1206 with

180 1236 241 1281 their
258 1237 335 1282 fleets.
372 1235 450 1280 XLV.
465 1234 515 1280 The
533 1235 599 1280 Mare
614 1234 709 1292 Pigrum
720 1236 821 1292 (Frozen
832 1234 1009 1291 Ocenn).—'I'he
1024 1234 1109 1292 AEstyi,

179 1310 320 1367 worshipers
335 1309 412 1355 nithe
426 1307 517 1354 mother
530 1308 556 1353 ol
567 1308 607 1353 the
622 1309 684 1364 gods,
696 1308 817 1364 getherers
834 1307 861 1352 oi
874 1307 1055 1353 amber.-0ver
1069 1307 1109 1352 the

180 1383 274 1429 Sitones
289 1382 398 1428 asemule
413 1381 499 1439 reigns.
529 1381 620 1426 XLVI.
637 1380 686 1426 Tha
698 1381 802 1433 Peucini,
814 1379 914 1432 Venedi,
924 1379 1108 1424 Penni-'I'beir

180 1470 268 1512 ravage
286 1455 408 1500 character
425 1456 470 1501 and
486 1454 670 1512 poverty.-The
685 1454 787 1498 Hellusii
802 1453 847 1497 and
859 1453 972 1505 Oxioues,
986 1452 1060 1497 sables
1075 1466 1101 1498 re

181 1528 290 1585 specting
299 1528 370 1573 them

192 1691 217 1748 Ι.
237 1690 410 1748 Genusum
432 1691 527 1749 omnis
548 1711 567 1749 a
587 1690 683 1748 Gallis
727 1688 877 1766 Raetisque
896 1701 926 1747 et
946 1688 1109 1748 Pannoniis

152 1787 261 1846 Rheno
272 1801 302 1846 et
313 1787 455 1847 Danubio
464 1789 646 1856 fluminibus,
659 1809 675 1846 a
687 1789 830 1846 Sarmatis
842 1788 995 1866 Dacisque
1006 1801 1110 1848 mutuo

152 1896 235 1941 metu
256 1897 306 1942 aut
329 1885 489 1956 montibus,
507 1899 671 1964 separatur.
714 1885 825 1942 Cetera
846 1885 984 1944 Oceanus
1006 1885 1110 1955 ambit,

152 1981 228 2038 latos
243 1980 324 2040 sinus
338 1995 369 2040 et
382 1981 544 2056 insularum
559 1981 705 2039 immensa
720 1981 816 2059 spatia
829 1983 1041 2060 complectens,
1057 2001 1109 2040 nu-

151 2096 208 2156 per
220 2077 347 2156 cognitis
361 2077 538 2155 quibusdam
556 2077 695 2156 gentibus
711 2096 747 2134 ac
760 2076 891 2155 regibus,
905 2097 980 2155 quos
994 2077 1108 2136 bellum
1166 2148 1170 2164 Ι

83 2180 85 2185 ’
141 2173 279 2252 aperuit.
319 2175 452 2243 Rhenus,
487 2172 670 2233 Raeticarum
681 2173 806 2252 Alpium
817 2173 972 2231 inaccesso
983 2192 1020 2231 ac
1033 2194 1109 2252 prae·

151 2268 234 2346 cipiti
250 2269 363 2328 vertice
384 2283 472 2338 ortus,
490 2269 609 2328 modico
629 2269 710 2326 flexu
730 2269 760 2325 in
777 2267 973 2327 Occidentem
994 2289 1108 2340 versus,

151 2363 374 2442 septentrionali
390 2364 510 2423 Oceano
527 2365 677 2422 miscetur.
718 2363 887 2433 Danubius,
904 2363 987 2422 molli
1004 2377 1035 2422 et
1051 2366 1109 2424 cle·

151 2471 269 2516 menter
282 2458 361 2516 edito
375 2459 483 2517 montis
497 2460 633 2518 Abnobae
642 2461 719 2539 jugo
733 2460 852 2530 effusus,
866 2461 967 2539 plures
980 2462 1109 2539 populos

152 2553 222 2623 adit,
234 2554 330 2612 donec
340 2555 371 2612 in
381 2555 541 2613 Ponticum
553 2576 633 2614 mare
648 2576 702 2614 sex
713 2556 861 2614 meatibus
875 2566 1030 2635 erumpat3
1041 2577 1108 2635 sep·

151 2653 256 2710 timum
272 2654 351 2711 enim
366 2675 400 2712 os
414 2654 573 2732 paludibus
585 2655 728 2714 hauritur.
1109 2660 1115 2668 '

190 2749 233 2808 ΙΙ.
255 2750 340 2828 ipsos
358 2751 524 2809 Germanos
544 2751 699 2830 indigenas
720 2749 908 2820 crediderim,
926 2749 1108 2829 minimeque
1143 2822 1151 2831 ι

150 2832 285 2905 aliarum
292 2846 425 2923 gentium
443 2845 619 2906 adventibus
632 2860 662 2905 et
673 2846 809 2926 hospitiis
822 2846 950 2918 mixtos3
967 2846 1038 2925 quiu
1050 2867 1108 2905 nec

150 2955 230 3001 terra
244 2942 323 3011 olim,
337 2941 391 3000 sed
406 2943 561 3013 classibus,
575 2943 805 3012 advehebantur,
820 2943 872 3019 qui
886 2955 1004 3001 mutare
1017 2943 1108 3003 sedes

150 3040 336 3117 quaerebant:
356 3052 386 3097 et
395 3039 547 3097 inmensus
559 3041 649 3109 ultra,
658 3051 750 3115 utque
760 3038 803 3096 sic
814 3036 951 3108 dixerim,
962 3038 1108 3097 adeamne

149 3135 284 3194 Oceanus
298 3134 372 3194 raris
387 3135 424 3194 ab
434 3135 508 3192 orbe
523 3148 621 3192 nostro
633 3134 757 3193 navibus
769 3133 874 3193 aditur.
916 3132 995 3206 Quis
1004 3154 1107 3215 porro,

149 3244 257 3309 praeter
270 3232 440 3310 periculum
453 3232 568 3291 horridi
582 3246 613 3290 et
625 3232 721 3310 ignoti
734 3233 834 3302 maris,
848 3233 924 3291 Asia
937 3247 990 3291 aut
1002 3212 1126 3293 ΑΜ

150 3339 199 3382 aut
221 3325 311 3385 Italia
330 3327 443 3397 relicta,
461 3328 655 3386 Germaniam
678 3341 805 3407 peteret,
825 3329 985 3388 informem
1006 3330 1107 3400 terris,

149 3440 286 3499 asperam
297 3424 383 3495 cralo,
404 3422 519 3482 tristem
544 3425 627 3483 cultu
652 3424 865 3504 adspectuque,
886 3426 941 3485 nisi
964 3425 991 3485 si
1010 3425 1108 3507 petria

149 3515 207 3574 niti
242 3516 405 3578 Celebrant
416 3519 596 3578 carminibus
607 3520 734 3598 antiquis
747 3520 838 3599 (quod
847 3542 940 3580 unum
950 3520 1031 3603 apud
1038 3522 1107 3583 illus

149 3612 300 3673 memoriae
317 3627 347 3673 et
364 3616 513 3674 annalium
534 3636 628 3695 genua
646 3616 706 3692 eat)
727 3616 892 3676 lammam
905 3616 1013 3687 Deum,
1027 3627 1107 3679 terra

148 3706 267 3780 editum,
280 3719 308 3769 et
316 3709 423 3787 filium
441 3712 596 3782 Mannum,
613 3714 754 3789 originem
770 3712 868 3791 gentis
883 3712 1110 3796 conditoresque,
