<?xml version="1.0" encoding="UTF-8"?>
<!DOCTYPE html PUBLIC "-//W3C//DTD XHTML 1.0 Transitional//EN"
    "http://www.w3.org/TR/xhtml1/DTD/xhtml1-transitional.dtd">
<html xmlns="http://www.w3.org/1999/xhtml" xml:lang="en" lang="en">
 <head>
  <title>
</title>
<meta http-equiv="Content-Type" content="text/html;charset=utf-8" />
  <meta name='ocr-system' content='tesseract 3.04.00' />
  <meta name='ocr-capabilities' content='ocr_page ocr_carea ocr_par ocr_line ocrx_word'/>
</head>
<body>
  <div class='ocr_page' id='page_1' title='image "./germaniaandagri00btgoog_0096.png"; bbox 0 0 2394 4328; ppageno 0'>
   <div class='ocr_carea' id='block_1_1' title="bbox 328 378 1061 438">
    <p class='ocr_par' dir='ltr' id='par_1_1' title="bbox 328 378 1061 438">
     <span class='ocr_line' id='line_1_1' title="bbox 328 378 1061 438; baseline -0.005 0"><span class='ocrx_word' id='word_1_1' title='bbox 328 397 506 438; x_wconf 77' lang='lat' dir='ltr'>scarconru</span> <span class='ocrx_word' id='word_1_2' title='bbox 529 394 728 436; x_wconf 63' lang='lat' dir='ltr'>wrm—car.</span> <span class='ocrx_word' id='word_1_3' title='bbox 745 394 842 435; x_wconf 86' lang='lat' dir='ltr'>rx.-x.</span> <span class='ocrx_word' id='word_1_4' title='bbox 1020 378 1061 435; x_wconf 87' lang='grc'>33</span> 
     </span>
    </p>
   </div>
   <div class='ocr_carea' id='block_1_2' title="bbox 35 523 1064 3745">
    <p class='ocr_par' dir='ltr' id='par_1_2' title="bbox 107 523 1062 1744">
     <span class='ocr_line' id='line_1_2' title="bbox 108 523 1061 606; baseline -0.005 -19"><span class='ocrx_word' id='word_1_5' title='bbox 108 542 198 606; x_wconf 90' lang='lat' dir='ltr'>atque</span> <span class='ocrx_word' id='word_1_6' title='bbox 216 527 424 586; x_wconf 80' lang='lat' dir='ltr'><strong>abstinentiam</strong></span> <span class='ocrx_word' id='word_1_7' title='bbox 438 528 468 584; x_wconf 91' lang='lat' dir='ltr'>in</span> <span class='ocrx_word' id='word_1_8' title='bbox 484 537 564 584; x_wconf 88' lang='lat' dir='ltr'>tanto</span> <span class='ocrx_word' id='word_1_9' title='bbox 580 526 646 583; x_wconf 86' lang='lat' dir='ltr'>viro</span> <span class='ocrx_word' id='word_1_10' title='bbox 662 525 784 594; x_wconf 84' lang='lat' dir='ltr'>referre,</span> <span class='ocrx_word' id='word_1_11' title='bbox 798 523 907 603; x_wconf 84' lang='lat' dir='ltr'>injuria</span> <span class='ocrx_word' id='word_1_12' title='bbox 920 523 1061 582; x_wconf 85' lang='lat' dir='ltr'>virtutum</span> 
     </span>
     <span class='ocr_line' id='line_1_3' title="bbox 108 619 1061 699; baseline -0.005 -18"><span class='ocrx_word' id='word_1_13' title='bbox 108 625 207 682; x_wconf 90' lang='lat' dir='ltr'>fuerit.</span> <span class='ocrx_word' id='word_1_14' title='bbox 249 624 297 680; x_wconf 91' lang='lat' dir='ltr'>Ne</span> <span class='ocrx_word' id='word_1_15' title='bbox 306 623 415 680; x_wconf 88' lang='lat' dir='ltr'>fernam</span> <span class='ocrx_word' id='word_1_16' title='bbox 424 623 555 699; x_wconf 91' lang='lat' dir='ltr'>quidem,</span> <span class='ocrx_word' id='word_1_17' title='bbox 566 622 613 679; x_wconf 90' lang='lat' dir='ltr'>cui</span> <span class='ocrx_word' id='word_1_18' title='bbox 625 640 706 699; x_wconf 76' lang='lat' dir='ltr'>saepe</span> <span class='ocrx_word' id='word_1_19' title='bbox 719 621 808 677; x_wconf 89' lang='lat' dir='ltr'>etiarn</span> <span class='ocrx_word' id='word_1_20' title='bbox 815 619 885 677; x_wconf 89' lang='lat' dir='ltr'>boui</span> <span class='ocrx_word' id='word_1_21' title='bbox 896 619 1061 697; x_wconf 84' lang='lat' dir='ltr'>indulgent,</span> 
     </span>
     <span class='ocr_line' id='line_1_4' title="bbox 108 716 1062 795; baseline -0.003 -19"><span class='ocrx_word' id='word_1_22' title='bbox 108 719 285 777; x_wconf 86' lang='lat' dir='ltr'>ostentanda</span> <span class='ocrx_word' id='word_1_23' title='bbox 307 718 415 775; x_wconf 86' lang='lat' dir='ltr'>virtute</span> <span class='ocrx_word' id='word_1_24' title='bbox 439 732 490 775; x_wconf 91' lang='lat' dir='ltr'>aut</span> <span class='ocrx_word' id='word_1_25' title='bbox 513 738 568 795; x_wconf 92' lang='lat' dir='ltr'>per</span> <span class='ocrx_word' id='word_1_26' title='bbox 592 729 685 775; x_wconf 88' lang='lat' dir='ltr'>artem</span> <span class='ocrx_word' id='word_1_27' title='bbox 713 716 866 792; x_wconf 67' lang='lat' dir='ltr'>quaesivit:</span> <span class='ocrx_word' id='word_1_28' title='bbox 896 716 1001 792; x_wconf 91' lang='lat' dir='ltr'>procul</span> <span class='ocrx_word' id='word_1_29' title='bbox 1023 716 1062 773; x_wconf 87' lang='lat' dir='ltr'>ab</span> 
     </span>
     <span class='ocr_line' id='line_1_5' title="bbox 108 812 1050 890; baseline -0.002 -18"><span class='ocrx_word' id='word_1_30' title='bbox 108 815 297 872; x_wconf 67' lang='lat' dir='ltr'>aemulatione</span> <span class='ocrx_word' id='word_1_31' title='bbox 318 812 458 871; x_wconf 85' lang='lat' dir='ltr'>adversus</span> <span class='ocrx_word' id='word_1_32' title='bbox 480 815 622 890; x_wconf 88' lang='lat' dir='ltr'>collegas,</span> <span class='ocrx_word' id='word_1_33' title='bbox 644 814 746 890; x_wconf 89' lang='lat' dir='ltr'>procul</span> <span class='ocrx_word' id='word_1_34' title='bbox 765 833 782 870; x_wconf 93' lang='lat' dir='ltr'>a</span> <span class='ocrx_word' id='word_1_35' title='bbox 802 813 988 871; x_wconf 82' lang='lat' dir='ltr'>contentione</span> <span class='ocrx_word' id='word_1_36' title='bbox 1012 813 1050 870; x_wconf 92' lang='lat' dir='ltr'>ad</span> 
     </span>
     <span class='ocr_line' id='line_1_6' title="bbox 107 907 1051 987; baseline -0.002 -20"><span class='ocrx_word' id='word_1_37' title='bbox 107 929 211 968; x_wconf 84' lang='lat' dir='ltr'>versus</span> <span class='ocrx_word' id='word_1_38' title='bbox 231 922 446 987; x_wconf 81' lang='lat' dir='ltr'>procuratores,</span> <span class='ocrx_word' id='word_1_39' title='bbox 466 921 497 966; x_wconf 89' lang='lat' dir='ltr'>et</span> <span class='ocrx_word' id='word_1_40' title='bbox 516 909 636 966; x_wconf 85' lang='lat' dir='ltr'>vincere</span> <span class='ocrx_word' id='word_1_41' title='bbox 652 908 823 985; x_wconf 91' lang='lat' dir='ltr'>inglorium,</span> <span class='ocrx_word' id='word_1_42' title='bbox 842 920 873 964; x_wconf 87' lang='lat' dir='ltr'>et</span> <span class='ocrx_word' id='word_1_43' title='bbox 894 907 981 964; x_wconf 89' lang='lat' dir='ltr'>atteri</span> <span class='ocrx_word' id='word_1_44' title='bbox 1001 927 1051 965; x_wconf 90' lang='lat' dir='ltr'>sor·</span> 
     </span>
     <span class='ocr_line' id='line_1_7' title="bbox 108 1002 1061 1079; baseline 0 -18"><span class='ocrx_word' id='word_1_45' title='bbox 108 1004 213 1061; x_wconf 77' lang='lat' dir='ltr'>(lidum</span> <span class='ocrx_word' id='word_1_46' title='bbox 237 1004 442 1062; x_wconf 84' lang='lat' dir='ltr'>arbitrabatur.</span> <span class='ocrx_word' id='word_1_47' title='bbox 493 1004 594 1060; x_wconf 84' lang='lat' dir='ltr'>Minue</span> <span class='ocrx_word' id='word_1_48' title='bbox 616 1002 778 1060; x_wconf 89' lang='lat' dir='ltr'>triennium</span> <span class='ocrx_word' id='word_1_49' title='bbox 800 1003 831 1059; x_wconf 90' lang='lat' dir='ltr'>in</span> <span class='ocrx_word' id='word_1_50' title='bbox 852 1023 889 1059; x_wconf 86' lang='lat' dir='ltr'>ea</span> <span class='ocrx_word' id='word_1_51' title='bbox 910 1002 1061 1079; x_wconf 86' lang='lat' dir='ltr'>legatione</span> 
     </span>
     <span class='ocr_line' id='line_1_8' title="bbox 108 1098 1061 1176; baseline -0.002 -20"><span class='ocrx_word' id='word_1_52' title='bbox 108 1098 256 1168; x_wconf 86' lang='lat' dir='ltr'>detentus,</span> <span class='ocrx_word' id='word_1_53' title='bbox 279 1119 314 1157; x_wconf 88' lang='lat' dir='ltr'>ac</span> <span class='ocrx_word' id='word_1_54' title='bbox 341 1099 438 1157; x_wconf 90' lang='lat' dir='ltr'>statim</span> <span class='ocrx_word' id='word_1_55' title='bbox 461 1098 499 1155; x_wconf 93' lang='lat' dir='ltr'>ad</span> <span class='ocrx_word' id='word_1_56' title='bbox 521 1118 605 1176; x_wconf 90' lang='lat' dir='ltr'>spem</span> <span class='ocrx_word' id='word_1_57' title='bbox 631 1098 801 1155; x_wconf 87' lang='lat' dir='ltr'>consulatus</span> <span class='ocrx_word' id='word_1_58' title='bbox 825 1110 982 1153; x_wconf 87' lang='lat' dir='ltr'>revocatus</span> <span class='ocrx_word' id='word_1_59' title='bbox 1007 1109 1061 1166; x_wconf 85' lang='lat' dir='ltr'>est,</span> 
     </span>
     <span class='ocr_line' id='line_1_9' title="bbox 109 1191 1061 1271; baseline -0.003 -20"><span class='ocrx_word' id='word_1_60' title='bbox 109 1194 267 1251; x_wconf 87' lang='lat' dir='ltr'>comitante</span> <span class='ocrx_word' id='word_1_61' title='bbox 281 1193 427 1271; x_wconf 90' lang='lat' dir='ltr'>opinione,</span> <span class='ocrx_word' id='word_1_62' title='bbox 440 1192 623 1250; x_wconf 86' lang='lat' dir='ltr'>Britanniam</span> <span class='ocrx_word' id='word_1_63' title='bbox 634 1192 664 1248; x_wconf 90' lang='lat' dir='ltr'>ei</span> <span class='ocrx_word' id='word_1_64' title='bbox 678 1191 862 1269; x_wconf 88' lang='lat' dir='ltr'>provinciam</span> <span class='ocrx_word' id='word_1_65' title='bbox 876 1191 954 1248; x_wconf 88' lang='lat' dir='ltr'>dari:</span> <span class='ocrx_word' id='word_1_66' title='bbox 972 1192 1061 1248; x_wconf 92' lang='lat' dir='ltr'>nullis</span> 
     </span>
     <span class='ocr_line' id='line_1_10' title="bbox 109 1285 1062 1364; baseline -0.003 -19"><span class='ocrx_word' id='word_1_67' title='bbox 109 1288 141 1345; x_wconf 94' lang='lat' dir='ltr'>in</span> <span class='ocrx_word' id='word_1_68' title='bbox 157 1289 212 1346; x_wconf 91' lang='lat' dir='ltr'>hoc</span> <span class='ocrx_word' id='word_1_69' title='bbox 232 1288 293 1345; x_wconf 92' lang='lat' dir='ltr'>suis</span> <span class='ocrx_word' id='word_1_70' title='bbox 314 1288 509 1357; x_wconf 82' lang='lat' dir='ltr'>sermonibus,</span> <span class='ocrx_word' id='word_1_71' title='bbox 527 1287 581 1344; x_wconf 89' lang='lat' dir='ltr'>sed</span> <span class='ocrx_word' id='word_1_72' title='bbox 599 1286 669 1364; x_wconf 93' lang='lat' dir='ltr'>quia</span> <span class='ocrx_word' id='word_1_73' title='bbox 688 1285 922 1363; x_wconf 83' lang='lat' dir='ltr'>pervidebatur.</span> <span class='ocrx_word' id='word_1_74' title='bbox 971 1285 1062 1342; x_wconf 84' lang='lat' dir='ltr'>Haud</span> 
     </span>
     <span class='ocr_line' id='line_1_11' title="bbox 109 1381 1062 1460; baseline -0.001 -20"><span class='ocrx_word' id='word_1_75' title='bbox 109 1403 227 1460; x_wconf 88' lang='lat' dir='ltr'>semper</span> <span class='ocrx_word' id='word_1_76' title='bbox 243 1394 322 1440; x_wconf 89' lang='lat' dir='ltr'>errat</span> <span class='ocrx_word' id='word_1_77' title='bbox 337 1383 425 1452; x_wconf 86' lang='lat' dir='ltr'>fama,</span> <span class='ocrx_word' id='word_1_78' title='bbox 442 1382 599 1459; x_wconf 88' lang='lat' dir='ltr'>aliquando</span> <span class='ocrx_word' id='word_1_79' title='bbox 616 1395 646 1439; x_wconf 90' lang='lat' dir='ltr'>et</span> <span class='ocrx_word' id='word_1_80' title='bbox 663 1382 762 1458; x_wconf 74' lang='lat' dir='ltr'>elegit,</span> <span class='ocrx_word' id='word_1_81' title='bbox 803 1381 913 1439; x_wconf 83' lang='lat' dir='ltr'>Consul</span> <span class='ocrx_word' id='word_1_82' title='bbox 932 1381 1062 1458; x_wconf 72' lang='lat' dir='ltr'>egregias</span> 
     </span>
     <span class='ocr_line' id='line_1_12' title="bbox 108 1479 1062 1558; baseline 0.003 -22"><span class='ocrx_word' id='word_1_83' title='bbox 108 1491 173 1537; x_wconf 91' lang='lat' dir='ltr'>tum</span> <span class='ocrx_word' id='word_1_84' title='bbox 187 1479 252 1556; x_wconf 92' lang='lat' dir='ltr'>spei</span> <span class='ocrx_word' id='word_1_85' title='bbox 266 1479 356 1537; x_wconf 83' lang='lat' dir='ltr'>filiam</span> <span class='ocrx_word' id='word_1_86' title='bbox 365 1481 471 1558; x_wconf 89' lang='lat' dir='ltr'>juveni</span> <span class='ocrx_word' id='word_1_87' title='bbox 486 1480 557 1537; x_wconf 90' lang='lat' dir='ltr'>mihi</span> <span class='ocrx_word' id='word_1_88' title='bbox 572 1480 738 1558; x_wconf 89' lang='lat' dir='ltr'>despondit,</span> <span class='ocrx_word' id='word_1_89' title='bbox 751 1501 785 1537; x_wconf 88' lang='lat' dir='ltr'>ac</span> <span class='ocrx_word' id='word_1_90' title='bbox 798 1492 864 1557; x_wconf 90' lang='lat' dir='ltr'>post</span> <span class='ocrx_word' id='word_1_91' title='bbox 878 1482 1062 1539; x_wconf 90' lang='lat' dir='ltr'>consulatum</span> 
     </span>
     <span class='ocr_line' id='line_1_13' title="bbox 108 1574 1061 1654; baseline 0.004 -24"><span class='ocrx_word' id='word_1_92' title='bbox 108 1574 280 1645; x_wconf 80' lang='lat' dir='ltr'>collocavit3</span> <span class='ocrx_word' id='word_1_93' title='bbox 310 1587 340 1632; x_wconf 92' lang='lat' dir='ltr'>et</span> <span class='ocrx_word' id='word_1_94' title='bbox 361 1576 461 1633; x_wconf 87' lang='lat' dir='ltr'>statim</span> <span class='ocrx_word' id='word_1_95' title='bbox 483 1575 644 1633; x_wconf 77' lang='lat' dir='ltr'>Britanniae</span> <span class='ocrx_word' id='word_1_96' title='bbox 666 1575 843 1653; x_wconf 77' lang='lat' dir='ltr'>praepositus</span> <span class='ocrx_word' id='word_1_97' title='bbox 865 1588 920 1643; x_wconf 86' lang='lat' dir='ltr'>est,</span> <span class='ocrx_word' id='word_1_98' title='bbox 942 1575 1061 1654; x_wconf 83' lang='lat' dir='ltr'>adjecto</span> 
     </span>
     <span class='ocr_line' id='line_1_14' title="bbox 109 1668 484 1744; baseline 0.003 -18"><span class='ocrx_word' id='word_1_99' title='bbox 109 1668 296 1744; x_wconf 87' lang='lat' dir='ltr'>pontificatus</span> <span class='ocrx_word' id='word_1_100' title='bbox 310 1669 484 1728; x_wconf 89' lang='lat' dir='ltr'>sacerdotio.</span> 
     </span>
    </p>

    <p class='ocr_par' dir='ltr' id='par_1_3' title="bbox 35 1763 1064 3745">
     <span class='ocr_line' id='line_1_15' title="bbox 146 1763 1061 1844; baseline 0.005 -25"><span class='ocrx_word' id='word_1_101' title='bbox 146 1763 186 1820; x_wconf 90' lang='lat' dir='ltr'>X.</span> <span class='ocrx_word' id='word_1_102' title='bbox 215 1763 375 1822; x_wconf 86' lang='lat' dir='ltr'>Britanniae</span> <span class='ocrx_word' id='word_1_103' title='bbox 404 1765 493 1823; x_wconf 91' lang='lat' dir='ltr'>situm</span> <span class='ocrx_word' id='word_1_104' title='bbox 521 1769 717 1844; x_wconf 90' lang='lat' dir='ltr'>populosque,</span> <span class='ocrx_word' id='word_1_105' title='bbox 741 1766 842 1825; x_wconf 88' lang='lat' dir='ltr'>multis</span> <span class='ocrx_word' id='word_1_106' title='bbox 869 1765 1061 1844; x_wconf 81' lang='lat' dir='ltr'>scriptoribus</span> 
     </span>
     <span class='ocr_line' id='line_1_16' title="bbox 107 1860 1060 1940; baseline 0.006 -26"><span class='ocrx_word' id='word_1_107' title='bbox 107 1871 293 1927; x_wconf 88' lang='lat' dir='ltr'>memoratos,</span> <span class='ocrx_word' id='word_1_108' title='bbox 302 1880 360 1917; x_wconf 89' lang='lat' dir='ltr'>non</span> <span class='ocrx_word' id='word_1_109' title='bbox 369 1860 400 1919; x_wconf 93' lang='lat' dir='ltr'>in</span> <span class='ocrx_word' id='word_1_110' title='bbox 409 1863 663 1939; x_wconf 89' lang='lat' dir='ltr'>comparationem</span> <span class='ocrx_word' id='word_1_111' title='bbox 676 1884 755 1921; x_wconf 89' lang='lat' dir='ltr'>curae</span> <span class='ocrx_word' id='word_1_112' title='bbox 764 1863 914 1940; x_wconf 88' lang='lat' dir='ltr'>ingeniive</span> <span class='ocrx_word' id='word_1_113' title='bbox 922 1864 1060 1934; x_wconf 83' lang='lat' dir='ltr'>referam,</span> 
     </span>
     <span class='ocr_line' id='line_1_17' title="bbox 107 1952 1060 2036; baseline 0.006 -26"><span class='ocrx_word' id='word_1_114' title='bbox 107 1952 161 2010; x_wconf 83' lang='lat' dir='ltr'>sed</span> <span class='ocrx_word' id='word_1_115' title='bbox 174 1954 320 2030; x_wconf 83' lang='lat' dir='ltr'>quietum</span> <span class='ocrx_word' id='word_1_116' title='bbox 334 1955 464 2032; x_wconf 88' lang='lat' dir='ltr'>primum</span> <span class='ocrx_word' id='word_1_117' title='bbox 474 1958 642 2035; x_wconf 88' lang='lat' dir='ltr'>perdomita</span> <span class='ocrx_word' id='word_1_118' title='bbox 655 1970 717 2027; x_wconf 89' lang='lat' dir='ltr'>est;</span> <span class='ocrx_word' id='word_1_119' title='bbox 739 1957 847 2033; x_wconf 87' lang='lat' dir='ltr'>itaque,</span> <span class='ocrx_word' id='word_1_120' title='bbox 859 1979 925 2034; x_wconf 85' lang='lat' dir='ltr'>quae</span> <span class='ocrx_word' id='word_1_121' title='bbox 936 1959 1060 2036; x_wconf 82' lang='lat' dir='ltr'>priores,</span> 
     </span>
     <span class='ocr_line' id='line_1_18' title="bbox 106 2047 1061 2129; baseline 0.006 -24"><span class='ocrx_word' id='word_1_122' title='bbox 106 2047 240 2105; x_wconf 89' lang='lat' dir='ltr'>nondum</span> <span class='ocrx_word' id='word_1_123' title='bbox 255 2063 419 2126; x_wconf 87' lang='lat' dir='ltr'>comperta,</span> <span class='ocrx_word' id='word_1_124' title='bbox 435 2051 605 2126; x_wconf 90' lang='lat' dir='ltr'>eloquentia</span> <span class='ocrx_word' id='word_1_125' title='bbox 618 2053 803 2129; x_wconf 88' lang='lat' dir='ltr'>percoluere,</span> <span class='ocrx_word' id='word_1_126' title='bbox 817 2072 917 2109; x_wconf 90' lang='lat' dir='ltr'>rerum</span> <span class='ocrx_word' id='word_1_127' title='bbox 930 2052 989 2110; x_wconf 90' lang='lat' dir='ltr'>fide</span> <span class='ocrx_word' id='word_1_128' title='bbox 1004 2066 1061 2111; x_wconf 90' lang='lat' dir='ltr'>tra·</span> 
     </span>
     <span class='ocr_line' id='line_1_19' title="bbox 107 2140 1060 2220; baseline 0.004 -21"><span class='ocrx_word' id='word_1_129' title='bbox 107 2140 224 2201; x_wconf 86' lang='lat' dir='ltr'>dentur.</span> <span class='ocrx_word' id='word_1_130' title='bbox 265 2143 420 2200; x_wconf 89' lang='lat' dir='ltr'>Britannia</span> <span class='ocrx_word' id='word_1_131' title='bbox 432 2143 608 2213; x_wconf 89' lang='lat' dir='ltr'>insularum,</span> <span class='ocrx_word' id='word_1_132' title='bbox 623 2165 696 2220; x_wconf 90' lang='lat' dir='ltr'>quas</span> <span class='ocrx_word' id='word_1_133' title='bbox 710 2145 848 2201; x_wconf 87' lang='lat' dir='ltr'>Romana</span> <span class='ocrx_word' id='word_1_134' title='bbox 862 2146 968 2202; x_wconf 91' lang='lat' dir='ltr'>notitia</span> <span class='ocrx_word' id='word_1_135' title='bbox 982 2167 1060 2203; x_wconf 89' lang='lat' dir='ltr'>com·</span> 
     </span>
     <span class='ocr_line' id='line_1_20' title="bbox 105 2237 1061 2317; baseline 0.001 -22"><span class='ocrx_word' id='word_1_136' title='bbox 105 2239 256 2317; x_wconf 89' lang='lat' dir='ltr'>plectitur,</span> <span class='ocrx_word' id='word_1_137' title='bbox 271 2237 412 2306; x_wconf 85' lang='lat' dir='ltr'>maxima,</span> <span class='ocrx_word' id='word_1_138' title='bbox 427 2239 521 2313; x_wconf 92' lang='lat' dir='ltr'>spatio</span> <span class='ocrx_word' id='word_1_139' title='bbox 535 2259 570 2296; x_wconf 87' lang='lat' dir='ltr'>ac</span> <span class='ocrx_word' id='word_1_140' title='bbox 585 2240 661 2295; x_wconf 90' lang='lat' dir='ltr'>coelo</span> <span class='ocrx_word' id='word_1_141' title='bbox 675 2239 706 2294; x_wconf 92' lang='lat' dir='ltr'>in</span> <span class='ocrx_word' id='word_1_142' title='bbox 720 2239 865 2295; x_wconf 87' lang='lat' dir='ltr'>orientem</span> <span class='ocrx_word' id='word_1_143' title='bbox 880 2239 1061 2308; x_wconf 84' lang='lat' dir='ltr'>Germaniae,</span> 
     </span>
     <span class='ocr_line' id='line_1_21' title="bbox 106 2331 1061 2409; baseline 0.002 -18"><span class='ocrx_word' id='word_1_144' title='bbox 106 2333 138 2391; x_wconf 89' lang='lat' dir='ltr'>in</span> <span class='ocrx_word' id='word_1_145' title='bbox 155 2331 345 2390; x_wconf 88' lang='lat' dir='ltr'>occidentem</span> <span class='ocrx_word' id='word_1_146' title='bbox 360 2332 517 2409; x_wconf 89' lang='lat' dir='ltr'>Hispaniae</span> <span class='ocrx_word' id='word_1_147' title='bbox 535 2333 724 2392; x_wconf 87' lang='lat' dir='ltr'>obtenditur:</span> <span class='ocrx_word' id='word_1_148' title='bbox 746 2333 842 2391; x_wconf 85' lang='lat' dir='ltr'>Gallis</span> <span class='ocrx_word' id='word_1_149' title='bbox 858 2334 889 2391; x_wconf 93' lang='lat' dir='ltr'>in</span> <span class='ocrx_word' id='word_1_150' title='bbox 906 2334 1061 2393; x_wconf 85' lang='lat' dir='ltr'>meridiem</span> 
     </span>
     <span class='ocr_line' id='line_1_22' title="bbox 107 2427 1062 2506; baseline 0.001 -19"><span class='ocrx_word' id='word_1_151' title='bbox 107 2428 198 2487; x_wconf 86' lang='lat' dir='ltr'>etiam</span> <span class='ocrx_word' id='word_1_152' title='bbox 209 2427 383 2505; x_wconf 84' lang='lat' dir='ltr'>inspicitur:</span> <span class='ocrx_word' id='word_1_153' title='bbox 405 2428 658 2504; x_wconf 87' lang='lat' dir='ltr'>septemtrionalia</span> <span class='ocrx_word' id='word_1_154' title='bbox 668 2429 744 2506; x_wconf 87' lang='lat' dir='ltr'>ejus,</span> <span class='ocrx_word' id='word_1_155' title='bbox 755 2429 843 2486; x_wconf 88' lang='lat' dir='ltr'>nullis</span> <span class='ocrx_word' id='word_1_156' title='bbox 855 2442 956 2487; x_wconf 89' lang='lat' dir='ltr'>contra</span> <span class='ocrx_word' id='word_1_157' title='bbox 967 2431 1062 2501; x_wconf 85' lang='lat' dir='ltr'>terris,</span> 
     </span>
     <span class='ocr_line' id='line_1_23' title="bbox 107 2522 1062 2600; baseline 0 -18"><span class='ocrx_word' id='word_1_158' title='bbox 107 2536 191 2583; x_wconf 85' lang='lat' dir='ltr'>vasto</span> <span class='ocrx_word' id='word_1_159' title='bbox 214 2535 301 2599; x_wconf 86' lang='lat' dir='ltr'>atque</span> <span class='ocrx_word' id='word_1_160' title='bbox 319 2535 422 2600; x_wconf 89' lang='lat' dir='ltr'>aperto</span> <span class='ocrx_word' id='word_1_161' title='bbox 439 2522 514 2579; x_wconf 84' lang='lat' dir='ltr'>mari</span> <span class='ocrx_word' id='word_1_162' title='bbox 532 2524 695 2600; x_wconf 88' lang='lat' dir='ltr'>pulsantur.</span> <span class='ocrx_word' id='word_1_163' title='bbox 735 2524 877 2582; x_wconf 85' lang='lat' dir='ltr'>Formam</span> <span class='ocrx_word' id='word_1_164' title='bbox 894 2525 983 2583; x_wconf 90' lang='lat' dir='ltr'>totius</span> <span class='ocrx_word' id='word_1_165' title='bbox 997 2525 1062 2582; x_wconf 90' lang='lat' dir='ltr'>Bri·</span> 
     </span>
     <span class='ocr_line' id='line_1_24' title="bbox 108 2618 1062 2687; baseline 0.001 -8"><span class='ocrx_word' id='word_1_166' title='bbox 108 2620 217 2679; x_wconf 83' lang='lat' dir='ltr'>tanniae</span> <span class='ocrx_word' id='word_1_167' title='bbox 236 2618 341 2676; x_wconf 91' lang='lat' dir='ltr'>Livius</span> <span class='ocrx_word' id='word_1_168' title='bbox 361 2630 507 2687; x_wconf 83' lang='lat' dir='ltr'>veterum,</span> <span class='ocrx_word' id='word_1_169' title='bbox 525 2618 639 2677; x_wconf 87' lang='lat' dir='ltr'>Fabius</span> <span class='ocrx_word' id='word_1_170' title='bbox 655 2620 796 2678; x_wconf 86' lang='lat' dir='ltr'>Rusticus</span> <span class='ocrx_word' id='word_1_171' title='bbox 815 2621 982 2679; x_wconf 87' lang='lat' dir='ltr'>recentium</span> <span class='ocrx_word' id='word_1_172' title='bbox 1002 2624 1062 2680; x_wconf 91' lang='lat' dir='ltr'>elo·</span> 
     </span>
     <span class='ocr_line' id='line_1_25' title="bbox 106 2710 1062 2793; baseline 0.002 -20"><span class='ocrx_word' id='word_1_173' title='bbox 106 2713 292 2791; x_wconf 87' lang='lat' dir='ltr'>quentissimi</span> <span class='ocrx_word' id='word_1_174' title='bbox 317 2725 464 2782; x_wconf 89' lang='lat' dir='ltr'>auctores,</span> <span class='ocrx_word' id='word_1_175' title='bbox 486 2714 622 2790; x_wconf 87' lang='lat' dir='ltr'>oblongae</span> <span class='ocrx_word' id='word_1_176' title='bbox 650 2715 775 2785; x_wconf 68' lang='lat' dir='ltr'>scutulae</span> <span class='ocrx_word' id='word_1_177' title='bbox 800 2715 848 2772; x_wconf 86' lang='lat' dir='ltr'>vel</span> <span class='ocrx_word' id='word_1_178' title='bbox 869 2710 993 2793; x_wconf 87' lang='lat' dir='ltr'>bipenni</span> <span class='ocrx_word' id='word_1_179' title='bbox 1018 2736 1062 2775; x_wconf 86' lang='lat' dir='ltr'>as·</span> 
     </span>
     <span class='ocr_line' id='line_1_26' title="bbox 108 2806 1063 2879; baseline -0.001 -12"><span class='ocrx_word' id='word_1_180' title='bbox 108 2809 298 2877; x_wconf 86' lang='lat' dir='ltr'>similavere:</span> <span class='ocrx_word' id='word_1_181' title='bbox 319 2821 350 2866; x_wconf 87' lang='lat' dir='ltr'>et</span> <span class='ocrx_word' id='word_1_182' title='bbox 367 2821 413 2866; x_wconf 88' lang='lat' dir='ltr'>est</span> <span class='ocrx_word' id='word_1_183' title='bbox 430 2829 467 2866; x_wconf 92' lang='lat' dir='ltr'>ea</span> <span class='ocrx_word' id='word_1_184' title='bbox 479 2808 571 2866; x_wconf 83' lang='lat' dir='ltr'>facies</span> <span class='ocrx_word' id='word_1_185' title='bbox 588 2808 663 2866; x_wconf 85' lang='lat' dir='ltr'>citra</span> <span class='ocrx_word' id='word_1_186' title='bbox 678 2808 879 2879; x_wconf 83' lang='lat' dir='ltr'>Caledoniam,</span> <span class='ocrx_word' id='word_1_187' title='bbox 892 2810 973 2868; x_wconf 90' lang='lat' dir='ltr'>unde</span> <span class='ocrx_word' id='word_1_188' title='bbox 987 2822 1017 2867; x_wconf 91' lang='lat' dir='ltr'>et</span> <span class='ocrx_word' id='word_1_189' title='bbox 1031 2806 1063 2866; x_wconf 91' lang='lat' dir='ltr'>in</span> 
     </span>
     <span class='ocr_line' id='line_1_27' title="bbox 107 2902 1062 2981; baseline -0.001 -19"><span class='ocrx_word' id='word_1_190' title='bbox 107 2905 278 2962; x_wconf 87' lang='lat' dir='ltr'>universum</span> <span class='ocrx_word' id='word_1_191' title='bbox 287 2902 366 2960; x_wconf 89' lang='lat' dir='ltr'>fama</span> <span class='ocrx_word' id='word_1_192' title='bbox 376 2917 421 2961; x_wconf 89' lang='lat' dir='ltr'>est</span> <span class='ocrx_word' id='word_1_193' title='bbox 431 2916 630 2981; x_wconf 88' lang='lat' dir='ltr'>transgressa:</span> <span class='ocrx_word' id='word_1_194' title='bbox 649 2902 701 2961; x_wconf 89' lang='lat' dir='ltr'>scd</span> <span class='ocrx_word' id='word_1_195' title='bbox 712 2904 889 2961; x_wconf 89' lang='lat' dir='ltr'>immensum</span> <span class='ocrx_word' id='word_1_196' title='bbox 900 2916 931 2961; x_wconf 88' lang='lat' dir='ltr'>et</span> <span class='ocrx_word' id='word_1_197' title='bbox 941 2924 1062 2961; x_wconf 88' lang='lat' dir='ltr'>enorme</span> 
     </span>
     <span class='ocr_line' id='line_1_28' title="bbox 106 2997 1063 3079; baseline -0.003 -21"><span class='ocrx_word' id='word_1_198' title='bbox 106 2999 234 3079; x_wconf 87' lang='lat' dir='ltr'>spatium</span> <span class='ocrx_word' id='word_1_199' title='bbox 245 2998 481 3077; x_wconf 87' lang='lat' dir='ltr'>procurrentium</span> <span class='ocrx_word' id='word_1_200' title='bbox 490 3011 626 3056; x_wconf 87' lang='lat' dir='ltr'>extremo</span> <span class='ocrx_word' id='word_1_201' title='bbox 631 2998 697 3075; x_wconf 87' lang='lat' dir='ltr'>jam</span> <span class='ocrx_word' id='word_1_202' title='bbox 708 2997 807 3054; x_wconf 89' lang='lat' dir='ltr'>littore</span> <span class='ocrx_word' id='word_1_203' title='bbox 821 3010 966 3056; x_wconf 90' lang='lat' dir='ltr'>terrarum</span> <span class='ocrx_word' id='word_1_204' title='bbox 980 2999 1063 3055; x_wconf 88' lang='lat' dir='ltr'>velut</span> 
     </span>
     <span class='ocr_line' id='line_1_29' title="bbox 107 3092 1064 3153; baseline -0.001 -2"><span class='ocrx_word' id='word_1_205' title='bbox 107 3093 139 3153; x_wconf 88' lang='lat' dir='ltr'>in</span> <span class='ocrx_word' id='word_1_206' title='bbox 160 3114 288 3153; x_wconf 90' lang='lat' dir='ltr'>cuneum</span> <span class='ocrx_word' id='word_1_207' title='bbox 308 3106 457 3153; x_wconf 90' lang='lat' dir='ltr'>tenuatur.</span> <span class='ocrx_word' id='word_1_208' title='bbox 498 3095 587 3152; x_wconf 92' lang='lat' dir='ltr'>Hanc</span> <span class='ocrx_word' id='word_1_209' title='bbox 607 3113 690 3152; x_wconf 88' lang='lat' dir='ltr'>oram</span> <span class='ocrx_word' id='word_1_210' title='bbox 710 3092 861 3151; x_wconf 82' lang='lat' dir='ltr'>novissimi</span> <span class='ocrx_word' id='word_1_211' title='bbox 881 3094 972 3150; x_wconf 82' lang='lat' dir='ltr'>maris</span> <span class='ocrx_word' id='word_1_212' title='bbox 993 3104 1064 3150; x_wconf 89' lang='lat' dir='ltr'>tunc</span> 
     </span>
     <span class='ocr_line' id='line_1_30' title="bbox 35 3186 1063 3270; baseline -0.005 -22"><span class='ocrx_word' id='word_1_213' title='bbox 35 3196 38 3201; x_wconf 89' lang='grc'><strong>’</strong></span> <span class='ocrx_word' id='word_1_214' title='bbox 109 3190 238 3270; x_wconf 88' lang='lat' dir='ltr'>primurn</span> <span class='ocrx_word' id='word_1_215' title='bbox 255 3190 392 3247; x_wconf 90' lang='lat' dir='ltr'>Romana</span> <span class='ocrx_word' id='word_1_216' title='bbox 413 3189 512 3246; x_wconf 84' lang='lat' dir='ltr'>classis</span> <span class='ocrx_word' id='word_1_217' title='bbox 537 3189 735 3246; x_wconf 87' lang='lat' dir='ltr'>circumvecta</span> <span class='ocrx_word' id='word_1_218' title='bbox 755 3188 883 3247; x_wconf 87' lang='lat' dir='ltr'>insulam</span> <span class='ocrx_word' id='word_1_219' title='bbox 907 3207 974 3245; x_wconf 90' lang='lat' dir='ltr'>esse</span> <span class='ocrx_word' id='word_1_220' title='bbox 997 3186 1063 3243; x_wconf 87' lang='lat' dir='ltr'>Bri·</span> 
     </span>
     <span class='ocr_line' id='line_1_31' title="bbox 107 3281 1063 3362; baseline -0.005 -19"><span class='ocrx_word' id='word_1_221' title='bbox 107 3285 238 3345; x_wconf 81' lang='lat' dir='ltr'>tanniam</span> <span class='ocrx_word' id='word_1_222' title='bbox 254 3283 416 3352; x_wconf 83' lang='lat' dir='ltr'>affirmavit,</span> <span class='ocrx_word' id='word_1_223' title='bbox 432 3303 466 3340; x_wconf 85' lang='lat' dir='ltr'>ac</span> <span class='ocrx_word' id='word_1_224' title='bbox 483 3283 570 3341; x_wconf 89' lang='lat' dir='ltr'>simul</span> <span class='ocrx_word' id='word_1_225' title='bbox 586 3283 750 3362; x_wconf 88' lang='lat' dir='ltr'>incognitas</span> <span class='ocrx_word' id='word_1_226' title='bbox 771 3281 809 3341; x_wconf 86' lang='lat' dir='ltr'>ad</span> <span class='ocrx_word' id='word_1_227' title='bbox 829 3282 859 3340; x_wconf 93' lang='lat' dir='ltr'>id</span> <span class='ocrx_word' id='word_1_228' title='bbox 880 3295 1000 3360; x_wconf 88' lang='lat' dir='ltr'>tempus</span> <span class='ocrx_word' id='word_1_229' title='bbox 1021 3281 1063 3339; x_wconf 91' lang='lat' dir='ltr'>in·</span> 
     </span>
     <span class='ocr_line' id='line_1_32' title="bbox 107 3378 1063 3458; baseline -0.001 -19"><span class='ocrx_word' id='word_1_230' title='bbox 107 3381 199 3451; x_wconf 81' lang='lat' dir='ltr'>aulas,</span> <span class='ocrx_word' id='word_1_231' title='bbox 210 3400 282 3456; x_wconf 88' lang='lat' dir='ltr'>quas</span> <span class='ocrx_word' id='word_1_232' title='bbox 295 3378 427 3438; x_wconf 86' lang='lat' dir='ltr'>Orcadas</span> <span class='ocrx_word' id='word_1_233' title='bbox 441 3391 557 3448; x_wconf 87' lang='lat' dir='ltr'>vocant,</span> <span class='ocrx_word' id='word_1_234' title='bbox 571 3378 685 3437; x_wconf 89' lang='lat' dir='ltr'>invenit</span> <span class='ocrx_word' id='word_1_235' title='bbox 699 3379 878 3455; x_wconf 88' lang='lat' dir='ltr'>domuitque.</span> <span class='ocrx_word' id='word_1_236' title='bbox 920 3378 1063 3458; x_wconf 81' lang='lat' dir='ltr'>Dispecta</span> 
     </span>
     <span class='ocr_line' id='line_1_33' title="bbox 110 3473 1062 3552; baseline -0.003 -17"><span class='ocrx_word' id='word_1_237' title='bbox 110 3489 156 3535; x_wconf 84' lang='lat' dir='ltr'>est</span> <span class='ocrx_word' id='word_1_238' title='bbox 176 3489 206 3533; x_wconf 88' lang='lat' dir='ltr'>et</span> <span class='ocrx_word' id='word_1_239' title='bbox 221 3476 328 3544; x_wconf 92' lang='lat' dir='ltr'>Thule,</span> <span class='ocrx_word' id='word_1_240' title='bbox 342 3494 431 3552; x_wconf 89' lang='lat' dir='ltr'>quam</span> <span class='ocrx_word' id='word_1_241' title='bbox 447 3475 592 3533; x_wconf 86' lang='lat' dir='ltr'>hactenus</span> <span class='ocrx_word' id='word_1_242' title='bbox 609 3474 662 3532; x_wconf 87' lang='lat' dir='ltr'>nix</span> <span class='ocrx_word' id='word_1_243' title='bbox 680 3486 710 3532; x_wconf 94' lang='lat' dir='ltr'>et</span> <span class='ocrx_word' id='word_1_244' title='bbox 725 3474 820 3532; x_wconf 86' lang='lat' dir='ltr'>hiems</span> <span class='ocrx_word' id='word_1_245' title='bbox 842 3474 987 3544; x_wconf 83' lang='lat' dir='ltr'>abdebat;</span> <span class='ocrx_word' id='word_1_246' title='bbox 1009 3473 1062 3533; x_wconf 91' lang='lat' dir='ltr'>sed</span> 
     </span>
     <span class='ocr_line' id='line_1_34' title="bbox 107 3569 1061 3647; baseline -0.002 -18"><span class='ocrx_word' id='word_1_247' title='bbox 107 3590 191 3629; x_wconf 84' lang='lat' dir='ltr'>mare</span> <span class='ocrx_word' id='word_1_248' title='bbox 208 3569 326 3646; x_wconf 82' lang='lat' dir='ltr'>pigrum</span> <span class='ocrx_word' id='word_1_249' title='bbox 344 3582 375 3628; x_wconf 89' lang='lat' dir='ltr'>et</span> <span class='ocrx_word' id='word_1_250' title='bbox 394 3590 484 3647; x_wconf 85' lang='lat' dir='ltr'>grave</span> <span class='ocrx_word' id='word_1_251' title='bbox 506 3569 719 3647; x_wconf 89' lang='lat' dir='ltr'>remigantibus</span> <span class='ocrx_word' id='word_1_252' title='bbox 735 3569 893 3646; x_wconf 90' lang='lat' dir='ltr'>perhibent</span> <span class='ocrx_word' id='word_1_253' title='bbox 912 3589 951 3627; x_wconf 89' lang='lat' dir='ltr'>ne</span> <span class='ocrx_word' id='word_1_254' title='bbox 967 3569 1061 3627; x_wconf 81' lang='lat' dir='ltr'>ventis</span> 
     </span>
     <span class='ocr_line' id='line_1_35' title="bbox 108 3663 1062 3745; baseline -0.002 -22"><span class='ocrx_word' id='word_1_255' title='bbox 108 3663 230 3745; x_wconf 78' lang='lat' dir='ltr'>quidem</span> <span class='ocrx_word' id='word_1_256' title='bbox 243 3663 367 3742; x_wconf 88' lang='lat' dir='ltr'>perinde</span> <span class='ocrx_word' id='word_1_257' title='bbox 381 3665 492 3724; x_wconf 83' lang='lat' dir='ltr'>attolli:</span> <span class='ocrx_word' id='word_1_258' title='bbox 514 3664 616 3735; x_wconf 89' lang='lat' dir='ltr'>credo,</span> <span class='ocrx_word' id='word_1_259' title='bbox 630 3664 711 3741; x_wconf 91' lang='lat' dir='ltr'>quod</span> <span class='ocrx_word' id='word_1_260' title='bbox 727 3663 854 3721; x_wconf 87' lang='lat' dir='ltr'>rariores</span> <span class='ocrx_word' id='word_1_261' title='bbox 875 3677 964 3723; x_wconf 68' lang='lat' dir='ltr'>terrie</span> <span class='ocrx_word' id='word_1_262' title='bbox 980 3684 1062 3722; x_wconf 90' lang='lat' dir='ltr'>mon·</span> 
     </span>
    </p>
   </div>
   <div class='ocr_carea' id='block_1_3' title="bbox 97 3756 1062 3912">
    <p class='ocr_par' dir='ltr' id='par_1_4' title="bbox 97 3756 1062 3912">
     <span class='ocr_line' id='line_1_36' title="bbox 97 3756 1062 3839; baseline -0.001 -20"><span class='ocrx_word' id='word_1_263' title='bbox 97 3756 223 3839; x_wconf 64' lang='lat' dir='ltr'>&#39;tesqua</span> <span class='ocrx_word' id='word_1_264' title='bbox 238 3778 327 3819; x_wconf 87' lang='lat' dir='ltr'>causa</span> <span class='ocrx_word' id='word_1_265' title='bbox 340 3760 513 3819; x_wconf 82' lang='lat' dir='ltr'>ac&#39;materia</span> <span class='ocrx_word' id='word_1_266' title='bbox 528 3772 748 3838; x_wconf 89' lang='lat' dir='ltr'>tempestatum,</span> <span class='ocrx_word' id='word_1_267' title='bbox 763 3771 794 3818; x_wconf 89' lang='lat' dir='ltr'>et</span> <span class='ocrx_word' id='word_1_268' title='bbox 806 3758 955 3838; x_wconf 88' lang='lat' dir='ltr'>profunda</span> <span class='ocrx_word' id='word_1_269' title='bbox 967 3760 1062 3819; x_wconf 83' lang='lat' dir='ltr'>moles</span> 
     </span>
     <span class='ocr_line' id='line_1_37' title="bbox 558 3855 618 3912; baseline 0 0"><span class='ocrx_word' id='word_1_270' title='bbox 558 3855 585 3912; x_wconf 91' lang='lat' dir='ltr'>B</span> <span class='ocrx_word' id='word_1_271' title='bbox 599 3860 618 3912; x_wconf 81' lang='lat'>2</span> 
     </span>
    </p>
   </div>
   <div class='ocr_carea' id='block_1_4' title="bbox 0 0 1203 4328">
    <p class='ocr_par' dir='ltr' id='par_1_5' title="bbox 0 0 1203 4328">
     <span class='ocr_line' id='line_1_38' title="bbox 0 0 1203 4328; baseline 0 0"><span class='ocrx_word' id='word_1_272' title='bbox 0 0 1203 4328; x_wconf 95' lang='lat' dir='ltr'> </span> 
     </span>
    </p>
   </div>
  </div>
 </body>
</html>
