2394 4328
154 355 192 414 1ss
436 373 463 412 o.
487 371 661 413 correctns
684 371 819 414 'rastros

149 517 197 564 tos
218 503 255 564 ad
272 505 403 563 bellum:
424 503 484 561 rari
501 524 644 561 excursus
662 519 691 561 et
705 503 829 561 fortuita
841 523 949 582 pugna.
991 504 1109 580 Eques-

150 602 239 659 trium
254 621 325 658 saue
338 601 443 657 virium
458 599 489 656 id
503 599 669 678 proprium,
684 601 742 656 cito
757 619 861 678 parare
876 600 1038 669 victoriam,
1050 601 1110 658 cito

149 699 268 757 cedere.
314 697 469 756 Velocitas
488 698 578 775 juxta
599 695 796 766 formidinem,
817 697 963 754 cunctatio
984 697 1110 777 propior

151 794 323 854 constantiae
341 807 395 852 est.

189 890 309 949 XXXI.
331 890 374 948 Et
391 889 456 948 aliis
470 889 690 946 Germanorum
707 888 827 967 populis
844 901 1019 967 usurpatum
1041 910 1110 948 rara

150 999 180 1045 et
198 987 312 1066 privata
333 986 478 1064 cujusque
501 983 644 1043 audentia
665 983 748 1061 apud
762 983 864 1041 Cattos
881 985 911 1041 iu
929 1005 1109 1043 consensum

149 1082 245 1152 vertit,
261 1095 294 1139 ut
307 1082 437 1160 primum
453 1078 646 1148 adoleverint,
661 1080 773 1137 crinem
787 1080 970 1157 barbamque
984 1080 1108 1139 submit-

76 1230 85 1261 Β
148 1190 220 1248 tere,
234 1198 299 1247 nec,
314 1177 369 1235 nisi
388 1177 472 1234 hoste
496 1196 585 1246 caeso,
603 1195 718 1232 exuere
736 1175 865 1233 votivum
883 1177 1106 1254 obligatumque

147 1274 250 1332 virtuti
264 1274 323 1332 oris
337 1272 480 1333 habitum.
522 1273 621 1352 Super
632 1272 806 1350 sanguinem
822 1285 852 1330 et
866 1274 962 1352 spolia
972 1275 1108 1332 revelant

146 1370 286 1441 frontem,
304 1391 396 1448 seque
414 1380 475 1427 tum
491 1369 605 1437 demam
621 1369 720 1443 pretia
737 1369 873 1426 noscendi
892 1370 1019 1426 retulisse
1039 1370 1106 1446 dig-

146 1489 253 1546 nosque
261 1469 367 1546 patria
382 1489 417 1525 ac
425 1467 597 1543 parentibus
611 1465 718 1523 ferunt.
758 1465 878 1543 Ignavis
892 1478 922 1523 et
935 1466 1106 1524 imbellibus

147 1578 250 1623 manet
263 1566 387 1641 squalor.
429 1561 621 1622 Fortissimus
634 1561 760 1639 quisque
771 1562 904 1619 ferreum
919 1560 1041 1640 insuper
1055 1582 1106 1619 an·

147 1662 251 1718 nulum
275 1659 514 1738 (ignominiosum
536 1658 567 1715 id
596 1658 690 1736 genti)
713 1658 796 1714 velut
817 1656 971 1714 vinculum
997 1670 1106 1734 gestet,

148 1757 244 1814 donec
266 1776 299 1814 se
321 1755 404 1813 caede
426 1755 519 1812 bostis
542 1755 683 1811 absolvat.
725 1753 868 1811 Plurimis
886 1752 1039 1810 Cattorum
1057 1753 1106 1811 hic

147 1854 247 1931 placet
255 1852 383 1910 habitus.
423 1852 554 1929 Jamque
567 1863 672 1909 canent
683 1851 824 1928 insigues,
834 1863 865 1908 et
872 1851 1005 1908 hostibus
1017 1851 1106 1909 simul

148 1949 268 2026 suisque
289 1947 459 2007 monstrati:
482 1947 614 2005 omnium
631 1967 724 2025 penes
740 1947 793 2004 bos
815 1945 900 2005 initia
919 1966 1105 2025 pugnarum

147 2045 211 2104 lraec
234 2045 332 2124 prima
355 2065 475 2124 semper
495 2044 575 2102 acies
593 2043 660 2102 risu
680 2057 773 2103 torva.
814 2044 895 2102 Nam
919 2064 958 2101 ne
980 2044 1009 2100 in
1027 2065 1105 2122 pace

148 2140 269 2219 quidem
292 2143 376 2199 vultu
402 2140 517 2199 mitiore
540 2153 759 2198 mansuescunt.
811 2139 896 2196 Nulli
918 2138 1034 2209 domus,
1054 2153 1106 2198 aut

148 2259 229 2315 ager,
239 2251 290 2296 eut
305 2237 404 2315 aliqua
419 2259 509 2297 curs:
530 2250 617 2316 prout
633 2237 670 2295 ad
682 2256 958 2315 quemquevenere‚
968 2238 1105 2296 aluntur:

147 2333 264 2411 prodigi
280 2333 378 2403 alieni,
394 2345 597 2392 contemtores
620 2331 688 2406 sui;
715 2332 813 2391 donee
827 2332 986 2411 exsanguis
1001 2353 1106 2391 senec·

148 2440 196 2486 tus
210 2441 270 2486 tam
285 2429 368 2486 durae
382 2429 482 2486 virtuti
497 2429 626 2506 impares
639 2428 738 2486 faciat.

188 2524 323 2582 XXXII.
351 2525 487 2582 Proximi
509 2525 603 2583 Cattis
626 2540 740 2583 certum
757 2525 822 2603 jam
846 2525 929 2583 alveo
951 2525 1104 2597 Rhenum,

149 2620 260 2698 quique
278 2620 422 2679 terminus
439 2641 506 2679 esse
523 2620 655 2690 sufficiat,
669 2620 770 2700 Usipii
785 2640 822 2678 ac
837 2620 978 2678 Tencteri
993 2622 1104 2680 colunt.

150 2716 300 2785 Tencteri,
322 2733 413 2794 super
435 2716 553 2775 solitum
579 2716 726 2775 bellorum
751 2716 852 2785 decus,
876 2716 1021 2794 equestris
1045 2716 1104 2775 dis-

149 2811 265 2891 cipliuae
280 2824 343 2870 arte
357 2812 548 2890 praecellunt3
570 2833 628 2870 uec
644 2812 740 2890 major
757 2812 837 2890 apud
853 2811 955 2891 Cattos
969 2812 1104 2891 peditum

148 2909 221 2978 laus,
237 2929 325 2986 quem
343 2908 500 2966 Tencteris
523 2909 666 2986 equitum.
716 2908 767 2966 Sic
789 2909 943 2968 instituere
965 2911 1104 2989 majores,

148 3005 259 3085 posteri
273 3003 432 3063 imitantur.
462 3004 504 3061 Hi
513 3005 596 3062 lusus
607 3003 846 3075 infantium,haec
855 3004 1002 3083 juvenum
1011 3027 1103 3064 aemu·

147 3101 233 3173 latio;
256 3112 448 3181 perseverant
469 3120 572 3166 senes„
605 3101 688 3159 Inter
708 3100 851 3160 familiam
874 3113 904 3159 et
925 3114 1049 3180 penates
1073 3116 1104 3160 et

148 3199 218 3279 jura
235 3198 456 3257 successionum
475 3197 542 3274 equi
557 3183 734 3268 traduntur3
754 3197 869 3276 excipit
885 3197 971 3264 filius,
986 3218 1054 3267 non,
1070 3210 1103 3256 ut

148 3309 257 3364 cetere,
272 3295 419 3353 maximus
433 3307 514 3363 natu,
529 3293 583 3352 sed
597 3308 685 3374 prout
698 3294 785 3352 ferox
797 3295 878 3353 bello
893 3308 923 3352 et
937 3294 1050 3352 melior.

186 3391 341 3449 XXXIII.
362 3391 383 3448 J
386 3404 458 3449 uxta
473 3391 638 3448 Tencteros
653 3390 792 3448 Bructeri
807 3390 878 3448 olim
893 3390 1102 3462 occurrebant;

147 3507 225 3544 nuuc
235 3487 400 3546 Chamavos
411 3501 441 3546 et
451 3486 644 3565 Angrivarios
659 3486 843 3563 immigrasse
853 3498 1000 3554 narratur,
1009 3486 1102 3564 pulsis

147 3582 299 3642 Bructeris
309 3605 343 3642 ac
352 3585 469 3663 penitus
479 3582 766 3651 excisis,vicinarum
776 3603 922 3640 consensu
932 3583 1100 3654 nationum;

147 3700 200 3737 scu
217 3680 363 3758 superbire
379 3679 456 3746 odio,
471 3699 524 3736 seu
540 3677 651 3756 praedae
667 3676 834 3746 dulcedine,
849 3699 903 3736 seu
915 3678 1016 3736 favore
1030 3701 1101 3756 quo·

147 3777 214 3837 dam
230 3798 301 3854 erga
315 3799 369 3834 nos
380 3776 522 3833 deorum:
544 3794 612 3831 uam
627 3795 665 3831 ne
679 3776 851 3851 spectaculo
862 3775 989 3851 'quidem
1000 3776 1100 3854 proelii
