2394 4328
334 389 512 430 conicetur
534 389 897 432 vrrA.—cnr.xu.-x1v.
1053 377 1093 437 8⁶

141 521 193 590 vis,
212 534 242 577 ut
256 521 345 578 finem
363 534 449 596 atque
464 519 580 576 initium
598 521 671 577 lucis
689 521 800 598 exiguo
817 521 986 580 discrimine
1005 523 1093 583 inter·

140 637 250 674 noscas.
302 617 432 692 Quodsi
452 617 538 673 :tuber
557 637 612 673 aon
634 618 768 693 sufficiam,
785 617 899 692 adspice
911 638 967 693 per
986 630 1091 677 noctem

139 711 207 771 solia
215 715 376 791 fulgorus,
389 733 438 770 uec
451 714 575 770 occidere
589 723 615 770 et
632 733 789 788 exsurgere,
806 713 856 771 sed
872 715 996 771 transire
1017 714 1091 773 affir-

138 823 227 866 mant.
269 809 391 866 Scilicet
408 822 544 866 extrema
560 822 590 865 et
606 809 694 885 plana
708 821 852 866 terrarum
866 809 971 865 humili
985 810 1090 867 umbra

138 925 195 962 non
210 906 329 983 erigunt
342 907 489 974 tenebras,
501 905 637 981 infraque
649 906 760 961 coelum
774 918 805 961 et
819 905 919 962 sidera
933 924 991 962 nox
1003 904 1089 963 cadit.

137 1000 250 1069 Solum,
262 1014 371 1077 praeter
380 1002 478 1058 oleam
488 999 639 1075 vitemque
651 1013 680 1056 et
692 1013 792 1057 cetera
804 999 991 1058 calidioribus
1003 1001 1089 1057 terris

136 1096 204 1152 oriri
222 1109 316 1164 sueta,
333 1095 449 1172 patiens
466 1095 596 1170 frugum,
614 1093 791 1173 fecundum:
817 1095 901 1152 tarde
922 1097 1088 1165 mitescunt,

135 1191 195 1247 cito
206 1189 400 1267 proveniunt:
419 1189 524 1246 eadem
535 1190 689 1264 utriusque
699 1189 744 1246 rei
756 1210 853 1259 causa,
862 1192 973 1249 multus
985 1192 1089 1249 humor

136 1297 281 1341 terrarum
296 1285 430 1359 coelique.
471 1285 545 1341 Fert
559 1284 714 1340 Britannia
727 1285 832 1340 aurum
845 1297 876 1342 et
891 1298 1044 1361 argentum
1058 1300 1089 1344 et

137 1378 193 1436 alia
203 1379 331 1447 metalla,
341 1378 469 1456 pretium
479 1378 622 1437 victoriae:
640 1379 735 1456 gignit
744 1391 773 1436 et
784 1398 913 1436 oceanus
922 1380 1087 1456 margarita,

135 1473 189 1529 sed
201 1473 340 1531 subfusca
350 1486 379 1530 et
389 1473 517 1532 liventia.
556 1473 690 1544 Quidam
701 1487 795 1530 artem
806 1474 909 1532 abesse
921 1474 1088 1551 legentibus

136 1569 332 1627 arbitrantur:
361 1589 429 1626 uam
449 1569 479 1625 in
499 1571 588 1627 rubro
609 1568 682 1626 mari
703 1568 770 1626 viva
790 1588 825 1626 ac
847 1569 989 1646 spirantia
1009 1569 1088 1626 saxis

136 1663 233 1732 avelli,
246 1663 276 1721 in
291 1665 454 1732 Britannia,
469 1678 554 1743 prout
575 1666 701 1742 expulsa
720 1664 786 1734 sint,
802 1665 916 1742 colligi:
941 1686 999 1743 ego
1019 1664 1087 1722 faci·

135 1757 191 1816 lius
216 1759 395 1817 crediderim
415 1773 551 1817 naturam
575 1759 738 1837 margaritis
760 1759 866 1819 deesse
890 1781 980 1838 quam
1002 1761 1086 1818 nobis

136 1855 295 1912 avaritiam.

173 1950 264 2007 XIII.
287 1950 347 2028 Ipsi
362 1951 498 2008 Britanni
512 1951 660 2009 delectum
675 1972 709 2009 ac
722 1952 832 2010 tributa
845 1963 875 2009 et
888 1952 1020 2029 injuncta
1034 1952 1085 2009 im-

134 2044 209 2122 perii
222 2064 345 2103 munera
358 2046 488 2123 impigre
502 2046 613 2103 obeunt
630 2045 654 2102 si
668 2045 783 2121 injun'ae
802 2046 916 2103 absint:
937 2047 990 2103 has
1007 2064 1086 2123 aegre

134 2140 267 2208 tolerant,
291 2141 356 2217 jam
384 2139 488 2197 domiti
516 2154 548 2196 ut
576 2153 706 2216 pareant,
730 2138 860 2197 nondum
888 2153 920 2196 ut
949 2140 1086 2197 serviant.

135 2234 233 2311 Igitur
245 2235 359 2311 primus
377 2234 509 2291 omniurn
524 2235 727 2291 Romanorum
741 2233 824 2291 divus
838 2233 938 2289 Julius
953 2253 1019 2289 cum
1036 2252 1087 2291 ex·

135 2327 229 2386 ercitu
249 2328 432 2385 Britanniam
454 2328 612 2405 ingressus,
627 2348 804 2404 quamquam
825 2347 967 2405 prospera
988 2348 1087 2406 pugna

135 2425 277 2482 terruerit
291 2425 409 2493 incolas,
420 2424 562 2481 aclittore
576 2424 686 2501 potitus
704 2423 749 2491 sit,
764 2436 862 2501 potest
878 2423 971 2480 videri
988 2437 1085 2481 osten·

134 2519 212 2578 disse
237 2521 372 2599 posteris,
395 2541 452 2578 non
477 2519 641 2578 tradidisse.
682 2520 756 2576 Mox
778 2520 858 2593 bella
879 2519 984 2589 civilia,
1002 2533 1032 2576 et
1055 2520 1085 2578 in

134 2616 349 2693 rempublicam
372 2637 458 2674 versa
484 2615 654 2694 principum
682 2635 770 2683 arma,
796 2635 830 2673 ac
857 2617 948 2693 longa
975 2616 1085 2673 oblivio

127 2711 293 2770 Britannia:
314 2713 406 2770 etiam
422 2711 452 2768 in
469 2731 552 2789 pace.
593 2711 760 2768 Consilium
776 2710 807 2767 id
824 2710 911 2768 divus
927 2713 1084 2789 Augustus

133 2807 265 2874 vocabat,
281 2808 419 2865 Tiberius
437 2820 628 2885 praeceptum.
670 2807 810 2884 Agitasse
828 2807 863 2864 C.
878 2806 1028 2864 Caesarem
1045 2806 1084 2863 de

133 2901 270 2959 intranda
288 2902 440 2959 Britannia
455 2903 526 2959 satis
540 2914 662 2971 constat,
677 2903 707 2959 ni
722 2904 808 2959 velox
823 2902 951 2978 ingenio,
967 2900 1085 2957 mobilis

133 2995 317 3074 paenitentia,
342 3009 372 3053 et
398 2996 534 3072 ingentes
565 2997 706 3054 adversus
733 2996 930 3053 Germaniam
962 3008 1085 3050 conatus

132 3091 242 3147 frustra
251 3088 382 3147 fuissent.
419 3090 669 3149 DivusClaudius
681 3106 784 3148 auctor
794 3089 903 3167 operis,
913 3088 1086 3145 transvectis

133 3184 301 3262 legionibus
320 3184 503 3258 aiixiliisque,
519 3197 549 3241 et
567 3198 694 3241 assumto
710 3186 741 3241 in
758 3196 875 3261 partem
896 3201 998 3238 rerum
1011 3181 1085 3239 Ves-

133 3280 272 3358 pasiano:
290 3277 371 3355 quod
381 3276 497 3335 initium
505 3290 638 3334 ventura:
647 3298 717 3334 mox
725 3279 852 3334 fortunae
861 3276 925 3333 fuit.
954 3275 1085 3335 Domitae

134 3389 246 3455 gentes,
262 3374 343 3452 capti
356 3392 454 3451 reges,
468 3386 500 3433 et
513 3384 686 3430 monstratus
701 3372 768 3430 fatis
783 3371 994 3449 Vespasianus.

173 3470 261 3529 XIV.
282 3469 491 3529 Consularium
508 3467 620 3545 primus
633 3468 731 3524 Aulus
746 3467 882 3525 Plautius
899 3467 1083 3546 praepositus,

133 3586 169 3625 ac
185 3566 310 3625 subinde
322 3564 456 3625 Ostorius
470 3564 610 3641 Scapula,
624 3575 750 3640 uterque
764 3564 845 3620 bello
858 3563 1016 3640 egregins:
1038 3584 1072 3623 re

134 3662 278 3738 ductaque
302 3661 445 3740 paulatim
469 3661 499 3718 in
521 3660 646 3717 formam
670 3659 830 3737 provinciae
854 3659 992 3736 proxima
1015 3679 1084 3737 pars

135 3758 310 3819 BritannIae:
328 3740 905 3836 additaiusuperveteranorumcolonia.
935 3757 1084 3829 Quaedam
