2394 4328
286 398 327 440 na
348 396 638 441 casurum—oss.
656 397 872 461 sarran-xc.
1018 382 1057 441 19

102 549 171 599 una,
189 540 221 587 ut
237 529 394 589 Cattorum
413 530 675 598 Tencterorumve,
693 550 784 606 gens:
810 530 956 607 majorem
976 528 1056 588 enim

102 624 272 683 Germaniae
298 637 413 702 partem
440 625 582 695 obtinent,
606 626 736 704 propriis
764 625 860 683 adhuc
886 625 1055 683 nationibus

101 720 327 797 nominibusque
341 719 470 788 discreti,
486 740 665 796 quamquam
680 719 710 778 in
728 741 886 778 commune
903 720 993 779 Sueui
1006 741 1055 778 vo·

23 872 25 877 .
101 829 212 874 centur.
262 816 381 895 Insigne
402 817 497 894 gentis
518 816 673 893 obliquare
694 816 807 874 crinem
828 817 967 894 nodoque
987 816 1055 874 sub·

100 910 253 989 stringere.
302 912 353 970 Sic
371 911 462 970 Suevi
479 932 497 970 a
513 912 620 972 ceteris
638 913 808 983 Germanis,
826 912 869 970 sio
885 913 1054 971 Suevorum

99 1005 223 1083 ingenui
241 1028 259 1065 a
279 1008 372 1066 servis
392 1022 576 1086 separantur.
617 1008 654 1066 In
672 1010 736 1067 aliis
753 1010 900 1087 gentibus,
915 1030 969 1068 seu
986 1031 1055 1088 cog·

99 1103 219 1161 natione
237 1103 337 1179 aliqua
351 1102 530 1173 Suevorum,
544 1124 597 1161 seu
615 1104 705 1180 (quod
724 1125 803 1182 saepe
821 1104 941 1180 accidit)
959 1104 1053 1163 imita·

98 1196 192 1266 tione,
200 1218 301 1255 rarum
312 1210 343 1254 et
353 1197 431 1255 intra
440 1198 573 1275 juveutae
584 1200 726 1276 spatium;
747 1201 825 1277 apud
835 1200 948 1258 Suevos
960 1222 1054 1277 usque

100 1293 140 1350 ad
153 1293 293 1351 canitiem
306 1293 474 1350 horrentem
490 1292 631 1371 capilldm
647 1308 724 1352 retro
737 1307 911 1371 sequuntur,
926 1315 960 1351 ac
975 1315 1055 1372 saepe

99 1389 130 1445 in
149 1388 215 1467 ipso
231 1390 295 1446 solo
311 1389 420 1446 vertice
437 1389 538 1466 ligant.
580 1375 739 1468 Principes
760 1403 790 1448 et
811 1389 989 1447 ornatiorem
1005 1389 1056 1447 ha·

99 1485 171 1542 bent
182 1506 189 1542 :
212 1504 248 1541 ea
259 1474 332 1541 cura
342 1483 453 1552 formae,
463 1484 516 1542 sed
527 1484 658 1542 innoxia.
700 1485 809 1562 Neque
821 1485 901 1542 enim
912 1498 945 1542 ut
956 1497 1055 1543 ament

100 1593 289 1648 amenturve;
311 1578 342 1658 in
357 1579 541 1637 altitudinem
556 1579 715 1656 quamdam
730 1593 760 1639 et
777 1593 930 1650 terrorem,
946 1579 1073 1638 adituri.

100 1676 187 1744 bella,
203 1673 303 1744 comti,
327 1685 358 1732 ut
382 1675 511 1732 hostium
526 1674 620 1732 oculis
645 1690 794 1733 ornantur.

138 1771 289 1829 XXXIX.
324 1771 532 1828 Vetustissimi
562 1791 591 1827 se
620 1771 866 1848 nobilissimosque
896 1771 1052 1830 Succorum

100 1866 261 1923 Semnones
277 1879 449 1924 memorant.
491 1865 585 1949 Fides
604 1866 781 1942 antiquitatis
798 1866 944 1944 religione
957 1867 1052 1924 sirma-

99 1974 154 2019 tur.
195 1961 280 2019 Stato
297 1974 434 2040 tempore
451 1961 481 2019 in
498 1961 611 2030 silvam,
626 1962 758 2039 auguriis
772 1976 892 2040 patrum
910 1975 941 2020 et
955 1962 1053 2039 prisca

98 2056 256 2115 formidine
276 2077 398 2126 sacram,
413 2077 515 2114 omnes
531 2057 665 2133 ejusdem
688 2058 838 2134 sanguinis
854 2059 956 2135 populi
972 2059 1052 2134 lega·

97 2153 226 2210 tionibus
236 2159 350 2219 coeunt,
361 2171 499 2227 caesoque
512 2150 632 2228 publice
643 2152 762 2208 homine
773 2153 924 2210 celebrant
934 2153 1052 2209 barbari

96 2249 170 2306 ritus
190 2247 340 2306 horrenda
361 2247 528 2325 primordia.
577 2249 635 2306 Est
655 2261 686 2306 et
707 2250 764 2307 alia
781 2252 853 2308 luco
874 2252 1052 2309 reverentis.

97 2344 200 2401 Nemo
216 2342 272 2400 nisi
287 2343 405 2400 viuculo
419 2342 527 2420 ligatus
541 2342 719 2420 ingreditur,
735 2358 766 2402 ut
786 2344 890 2413 minor,
906 2360 936 2403 et
953 2361 1051 2424 potes·

96 2452 189 2496 tatem
204 2438 331 2496 numinis
341 2459 404 2516 prae
416 2457 449 2495 se
460 2436 577 2497 serens:
599 2439 623 2496 si
634 2439 708 2497 forte
723 2442 880 2519 prolapsus
896 2456 947 2512 ost,
960 2444 1051 2501 attolli
1145 2438 1148 2444 ’

96 2547 126 2592 et
137 2534 291 2612 insurgere
302 2533 381 2592 haud
392 2533 506 2592 licitum
518 2557 525 2594 ε
542 2555 598 2613 per
608 2536 732 2594 humum
743 2537 934 2598 evolvuntur:
953 2561 1050 2618 eoque

96 2630 190 2687 omnis
205 2629 377 2708 superstitio
391 2629 519 2708 respicit,
535 2644 689 2709 tamquam
703 2632 773 2690 inde
788 2633 871 2691 initia
885 2635 992 2712 gentis,
1007 2636 1049 2694 ibi

96 2738 237 2802 regnator
257 2726 393 2783 omnium
412 2725 496 2795 deus,
518 2739 618 2786 cetera
637 2729 774 2807 subjecta
796 2741 883 2805 atque
905 2732 1049 2808 parentia.

96 2820 210 2898 Adjicit
227 2821 432 2879 auctoritatem
450 2821 566 2880 fortuna
580 2823 773 2882 Semnonum.
816 2825 944 2882 Centum
963 2828 1048 2903 pagis
1102 2822 1105 2826 ⁵
1180 2846 1183 2858 ·

94 2916 247 2974 habitant:
274 2935 444 2993 magnoque
468 2938 591 2996 corpore
616 2919 749 2989 efficitur,
773 2935 804 2978 ut
828 2941 860 2978 se
881 2920 1048 2978 Succorum

95 3025 185 3088 caput
199 3009 329 3068 credant.

134 3105 203 3163 XL.
225 3105 337 3162 Contra
355 3105 568 3182 Langobardos
583 3108 718 3185 paucitas
738 3109 892 3167 nobilitat:
914 3108 1048 3186 piurimis

83 3184 130 3260 ⁸ac
145 3199 354 3258 valentissimis
368 3199 536 3257 nationibus
551 3201 648 3270 cincti,
659 3222 717 3259 nou
733 3222 787 3278 per
800 3203 984 3280 obsequium,
996 3203 1048 3262 sed

94 3295 208 3376 proeliis
233 3308 263 3352 et
288 3292 484 3372 periclitando
509 3294 563 3350 tuti
588 3308 664 3353 sunt.
712 3296 863 3373 Reudigni
885 3297 993 3356 deinde
1017 3313 1048 3358 et

95 3392 230 3450 Aviones
251 3403 282 3448 et
300 3388 391 3465 Angli
410 3401 440 3446 et
452 3387 559 3446 Varini
577 3401 606 3446 et
623 3390 761 3448 Eudoses
782 3405 812 3449 et
829 3393 1000 3453 Suardones
1018 3408 1048 3454 ot

96 3487 266 3545 Nuithones
281 3483 453 3542 fluminibus
475 3497 527 3543 aut
550 3484 630 3542 silvis
652 3485 832 3546 muniuntur.
873 3489 941 3548 Nec
963 3491 1047 3568 quid-

95 3603 183 3660 quam
198 3581 368 3638 notabilem
381 3580 512 3657 singuiis,
524 3579 578 3638 nisi
590 3581 669 3658 quod
681 3581 711 3638 in
723 3603 877 3641 commune
887 3586 1045 3656 Hertham,

94 3678 192 3745 idest,
209 3677 336 3734 Terram
354 3689 485 3748 matrem,
495 3678 605 3746 colunt,
620 3698 747 3755 eamque
761 3677 939 3740 intervenire
956 3683 1046 3741 rebus

94 3773 258 3842 bominum,
285 3771 382 3830 invehi
412 3772 539 3851 populis,
567 3774 754 3832 arbitrantur.
809 3775 866 3834 Est
893 3777 921 3834 in
948 3779 1046 3838 insula
