2394 4328
291 401 455 444 asamona
477 399 676 442 ntra—car.
697 395 853 441 xn-xrn.
1011 382 1050 440 51

98 532 288 591 ambitionem
308 532 454 591 aestimare
474 552 539 591 mos
561 544 614 599 est,
629 531 692 589 viso
713 542 892 608 aspectoque
909 529 1055 608 Agricola

98 640 269 705 quaererent
280 627 390 686 famam
403 627 494 707 pauci
507 627 781 706 interpretarentur.

33 790 56 801 ¹,
136 722 223 781 XLI.
245 722 359 782 Crebro
379 744 436 801 per
457 743 510 782 eos
532 722 598 782 dies
620 722 699 802 apud
717 721 925 781 Domitianum
947 721 1054 782 absens

27 808 47 831 ”
98 832 262 888 accusatus,
271 819 377 878 absens
388 821 540 878 absolutus
551 832 614 878 est:
632 838 723 877 causa
733 817 860 896 periculi
870 837 929 877 non
940 817 1053 875 crimen

98 914 201 984 ullum,
212 928 262 973 aut
276 917 399 993 querela
411 916 476 974 laesi
492 916 677 994 cujusquam,
687 915 741 972 sed
751 915 883 974 infensus
896 913 1054 973 virtutibus

99 1009 251 1088 princeps,
265 1023 295 1068 et
317 1010 414 1088 gloria
429 1009 495 1079 viri,
511 1029 546 1067 ac
563 1010 729 1088 pessimum
745 1008 931 1068 inimicorum
947 1029 1053 1088 genus,

98 1104 262 1164 laudantes.
303 1107 345 1164 Et
359 1126 396 1164 ea
410 1105 545 1164 insecuta
559 1117 627 1162 sunt
639 1105 813 1184 reipublicae
828 1118 972 1183 tempora,
987 1125 1054 1182 quae

98 1200 181 1258 sileri
198 1200 375 1277 Agricolam
398 1220 457 1257 non
481 1200 613 1258 sinerent
620 1221 629 1270 ;
656 1211 701 1258 tot
723 1200 873 1258 exercitus
895 1200 925 1259 in
947 1200 1057 1259 Moesia

100 1294 268 1373 Daciaque,
282 1294 449 1353 Germania
464 1307 496 1353 et
509 1295 675 1365 Pannonia,
689 1295 857 1353 temeritate
876 1309 926 1354 aut
942 1315 998 1372 per
1013 1295 1056 1372 ig·

100 1390 218 1448 naviam
230 1390 339 1449 ducum
351 1391 467 1449 amissit
489 1402 532 1449 tot
543 1390 683 1449 militares
690 1391 746 1449 viri
755 1411 824 1450 cum
835 1403 878 1449 tot
888 1391 1057 1449 cohortibus

101 1484 266 1563 expugnati
280 1499 310 1543 et
324 1486 402 1563 capti
410 1509 419 1557 ;
441 1506 497 1544 neo
506 1486 572 1564 jam
582 1485 620 1544 de
635 1486 728 1544 limite
742 1486 861 1566 imperii
876 1499 907 1545 et
920 1486 994 1564 ripa,
1004 1485 1058 1544 sed

101 1579 141 1637 de
154 1579 284 1638 hibernis
299 1581 451 1659 legionum
465 1593 495 1639 et
504 1581 690 1660 possessione
702 1581 877 1641 dubitatum.
918 1581 975 1651 Ita,
987 1601 1057 1640 curn

102 1674 210 1733 damna
218 1675 332 1734 damnis
341 1676 591 1746 continuarentur,
598 1689 686 1755 atque
697 1677 792 1735 omnis
800 1698 894 1736 annus
902 1677 1056 1736 funeribus

103 1782 133 1828 et
150 1770 284 1830 cladibus
301 1770 503 1849 insigniretur,
520 1774 700 1850 poscebatur
716 1793 768 1832 ore
785 1774 868 1854 vulgi
885 1774 948 1832 dux
965 1773 1056 1852 Agri·
1156 1802 1161 1813 ·

103 1867 184 1925 cola:
206 1868 447 1945 comparantibus
462 1869 574 1926 cunctis
587 1869 732 1948 rigorem,
743 1870 949 1939 constantiam,
961 1882 992 1928 et
1005 1890 1057 1928 ex·

102 1974 220 2037 pertum
237 1961 324 2020 bellis
345 1963 477 2020 animum
499 1983 568 2021 cum
583 1963 689 2022 inertia
706 1977 737 2021 et
753 1964 911 2022 formidine
927 1984 1056 2023 reorum.

104 2055 225 2128 Quibus
239 2057 425 2115 sermonibus
442 2057 513 2116 satis
531 2070 645 2116 constat
659 2058 824 2117 Domitiani
837 2079 957 2135 quoque
972 2078 1058 2116 aures

103 2151 283 2220 verberatas,
304 2151 377 2210 dum
401 2152 531 2229 optimus
556 2153 682 2229 quisque
705 2153 878 2211 libertorum
903 2173 1003 2210 amore
1027 2165 1059 2210 et

103 2245 172 2314 fide,
187 2245 311 2323 pessimi
332 2246 518 2324 malignitate
540 2259 572 2304 et
591 2247 695 2315 livore,
710 2268 840 2325 pronum
860 2246 1059 2306 deterioribus

104 2341 274 2421 principem
295 2341 534 2400 exstimulabant.
576 2341 628 2400 Sic
648 2342 789 2421 Agricola
809 2342 898 2400 simul
920 2342 982 2401 suis
1003 2341 1059 2400 vir·

37 2496 41 2501 .
103 2439 224 2509 tutibus,
243 2439 331 2497 simul
353 2437 433 2497 vitiis
455 2439 593 2509 aliorum,
606 2438 636 2497 in
657 2438 753 2518 ipsam
775 2438 901 2517 gloriam
922 2458 1060 2520 praeceps

105 2535 259 2613 agebatur.

143 2631 247 2688 XLII.
269 2630 386 2688 Aderat
393 2629 457 2708 jam
474 2650 577 2700 annus,
592 2650 652 2708 quo
672 2631 917 2710 proconsulatum
930 2630 1014 2690 Asiae
1029 2642 1060 2689 et

104 2725 214 2784 Afrioae
231 2726 405 2797 sortiretur3
426 2739 457 2783 et
474 2725 573 2784 occiso
590 2725 695 2784 Civica
711 2747 816 2804 nuper,
833 2747 889 2785 nec
906 2727 1059 2805 Agricolae

105 2821 261 2879 consilium
276 2820 387 2891 deerat,
401 2841 458 2880 nec
474 2821 650 2879 Domitiano
667 2823 848 2900 exemplum.
892 2823 1060 2880 Accessere

105 2915 226 2994 quidam
249 2916 461 2992 cogitationum
481 2914 622 2995 principis
644 2916 740 2994 periti,
755 2916 816 2992 qui,
831 2916 967 2974 iturusne
981 2927 1061 2972 esset

105 3010 135 3068 in
152 3009 345 3088 provinciam,
359 3010 437 3068 ultro
457 3009 629 3087 Agricolam
652 3010 886 3088 interrogarent:
910 3028 945 3067 ac
965 3008 1061 3087 primo

106 3104 252 3165 occultius
266 3104 397 3180 quietem
411 3115 442 3161 et
456 3103 550 3162 otium
562 3103 696 3174 laudare,
708 3125 779 3162 mox
794 3123 916 3181 operam
930 3122 1017 3160 suam
1031 3102 1061 3160 in

106 3197 301 3278 approbanda
322 3197 516 3255 excusatione
537 3197 663 3256 offerre:
685 3211 835 3275 postremo
852 3217 912 3254 non
928 3198 994 3275 jam
1011 3196 1062 3255 ob·

105 3295 196 3365 sauri,
211 3292 372 3352 suadentes
386 3291 475 3348 simul
489 3302 704 3368 terrentesque,
719 3305 893 3369 pertraxere
905 3292 942 3349 ad
957 3293 1062 3352 Domi·

106 3390 231 3450 tianum.
272 3386 338 3459 Qui
348 3398 470 3466 paratus
481 3384 678 3456 simulatione,
687 3385 717 3443 in
728 3385 926 3463 arrogantiam
941 3408 1062 3468 corapo-

108 3486 190 3555 situs,
205 3497 236 3543 et
258 3482 351 3542 audiit
371 3501 478 3563 preces
497 3480 676 3551 excusantis,
696 3493 735 3552 et,
750 3502 819 3540 cum
838 3481 997 3555 adnuisset,
1013 3484 1063 3565 agi

108 3580 164 3641 sibi
178 3579 289 3660 gratias
302 3600 406 3658 passus
421 3590 480 3637 est:
494 3597 551 3636 nec
565 3576 684 3635 erubuit
698 3577 835 3635 beneficii
848 3577 968 3639 invidia.
1008 3580 1062 3640 Sa·

107 3675 215 3736 larium
225 3673 549 3755 tamen‚proconsulari
563 3672 681 3732 solitum
696 3672 803 3743 offerri,
813 3686 843 3733 st
856 3675 1034 3753 quibusdam
1044 3697 1063 3736 a

108 3792 143 3832 se
154 3773 221 3853 ipso
234 3792 418 3842 concessum,
430 3769 582 3848 Agricolae
595 3789 655 3828 non
669 3768 769 3829 dedit:
784 3769 849 3828 sive
861 3769 988 3830 offensus
1001 3791 1063 3830 non
