2394 4328
266 413 281 430 -
362 398 403 442 un
424 400 869 446 ennusum.-esr.v1.-v11r.
1066 391 1087 450 5

134 550 232 610 gyros,
246 530 277 589 in
291 551 406 590 morem
419 545 562 603 nostrum,
576 532 729 594 docentur.
770 536 807 593 In
824 547 948 604 rectum,
964 547 1015 592 aut
1028 555 1087 595 uno

133 628 215 707 {lesu
229 626 350 686 dextros
365 641 465 707 agunt,
476 629 518 687 ita
531 629 690 707 conjuncto
702 631 783 701 orbe,
793 643 826 688 ut
839 647 929 688 nemo
943 631 1089 708 posterior

133 722 179 781 sit.
220 723 256 780 In
270 724 442 783 universum
453 725 618 795 aestimanti,
627 726 694 804 plus
705 746 798 804 penes
808 725 940 805 peditem
954 726 1087 785 roboris:

134 838 229 895 eoque
245 819 329 877 mixti
338 820 532 898 proeliantur,
544 833 614 898 apta
627 833 658 879 et
672 834 855 900 congruente
869 819 906 879 ad
918 835 1086 899 equestrem

133 934 266 992 pugnam
282 916 440 974 velocitate
457 915 601 994 peditum,
615 936 688 993 quos
710 937 749 976 ex
769 917 850 975 omni
861 917 1020 995 juventute
1036 917 1087 976 de·

133 1011 235 1080 lectos,
250 1024 318 1070 ante
332 1011 428 1069 aciem
441 1012 549 1070 locant.
590 1011 741 1070 Definitur
754 1025 785 1071 et
798 1032 960 1071 numerus:
980 1023 1087 1070 centem

134 1125 172 1163 ex
187 1106 313 1183 singulis
326 1107 412 1184 pagis
426 1119 509 1175 sunt3
531 1105 622 1182 idque
636 1107 734 1185 ipsum
747 1108 825 1165 inter
842 1128 911 1165 suos
925 1121 1086 1168 vocantur:

134 1214 165 1259 et
190 1202 270 1278 quod
293 1202 390 1279 primo
411 1221 555 1258 numerus
576 1201 641 1270 fuit,
657 1202 720 1278 jam
743 1222 850 1259 nomen
870 1215 900 1260 et
920 1203 1015 1260 honor
1036 1216 1088 1261 est.

134 1297 227 1354 Acies
248 1316 304 1375 per
326 1316 435 1354 cuneos
458 1297 653 1374 componitur.
695 1297 813 1355 Cedere
834 1299 909 1364 loce,
927 1284 1088 1354 dummodo

120 1380 122 1385 ¹
136 1412 235 1449 rursus
252 1392 353 1461 instes,
368 1391 481 1450 consilii
498 1412 587 1468 quam
603 1391 768 1449 formidinis
790 1392 976 1450 arbitrentur.
1016 1391 1089 1449 Cor·

134 1507 208 1564 pora
228 1507 348 1544 suorum
369 1487 459 1544 etiarn
475 1486 507 1544 in
524 1487 623 1545 dubiis
639 1487 761 1565 proeliis
780 1487 923 1545 referunt.
965 1487 1089 1545 Scutum

135 1583 298 1658 reliquisse,
310 1583 496 1661 praecipuuru
507 1582 669 1660 flagitium:
686 1602 742 1639 nec
754 1597 802 1640 sut
815 1583 904 1640 sacris
913 1581 1026 1652 adesse,
1038 1594 1088 1640 sut

135 1677 292 1735 concilium
303 1677 388 1748 inire,
398 1678 594 1755 ignominioso
603 1677 665 1749 fas3
684 1678 828 1756 multique
839 1677 1014 1756 superstites
1024 1678 1086 1736 bel-

134 1775 229 1830 lorum
243 1774 397 1831 infamiam
412 1775 520 1850 laqueo
534 1773 682 1831 finierunt.

174 1868 246 1926 VII.
267 1869 369 1946 Reges
391 1889 430 1926 ex
451 1869 623 1938 nobilitate3
652 1869 742 1928 duces
767 1889 806 1927 ex
826 1868 935 1928 virtute
957 1881 1087 1928 sumunt.

136 1963 202 2021 Nec
211 1964 332 2041 regibus
343 1963 457 2021 infinite
468 1977 519 2021 aut
529 1964 623 2021 libera
633 1976 766 2040 potestas
779 1987 785 2023 :
807 1977 837 2021 et
845 1963 937 2022 duces
948 1965 1088 2042 exemplo

135 2057 241 2134 potius,
259 2079 348 2134 quam
371 2058 517 2136 imperio:
537 2059 562 2115 si
583 2056 704 2135 promti,
734 2055 762 2113 si
788 2059 951 2135 conspicui,
969 2059 994 2115 si
1019 2071 1087 2116 ante

136 2152 231 2210 aciem
246 2165 344 2229 agant,
359 2152 553 2209 admiratione
568 2165 708 2228 praesunt.
748 2152 901 2217 Ceterum,
915 2172 1014 2228 neque
1029 2153 1088 2210 ani·

135 2247 331 2315 madvertere,
355 2266 454 2323 nequo
482 2245 604 2313 vincire,
627 2266 665 2303 ne
692 2247 850 2304 verberare
877 2244 1008 2322 quidem,
1032 2246 1089 2303 nisi

136 2326 339 2399 sacerdotibus
356 2340 550 2420 permissum:
571 2362 631 2399 non
644 2341 728 2418 quasi
745 2340 776 2398 in
791 2361 920 2420 poenam,
934 2361 990 2398 neo
1005 2340 1089 2398 ducis

130 2437 228 2515 jussu,
243 2436 297 2494 sed
311 2437 393 2494 velut
413 2433 473 2492 deo
495 2435 670 2515 imperante,
685 2456 773 2513 quem
791 2436 894 2495 adesse
909 2435 1089 2494 bellantibus

136 2532 278 2590 credunt:
300 2533 472 2608 effigiesque
494 2544 525 2590 et
546 2531 632 2610 sigua
652 2530 798 2610 quaedam,
813 2530 945 2590 detracta
960 2530 1043 2601 lucis,
1057 2530 1089 2588 in

135 2627 272 2704 proelium
283 2627 389 2685 ferunt.
430 2625 582 2703 Quodque
597 2636 782 2705 praecipuum
790 2625 971 2684 fortitudinis
985 2627 1088 2685 incita·

136 2735 267 2781 mentum
284 2737 337 2791 est,
351 2743 411 2780 non
429 2742 524 2790 casus,
539 2743 594 2779 neo
610 2723 731 2779 fortuita
752 2722 939 2799 conglobatio
961 2735 1089 2780 turmam

137 2832 186 2875 aut
209 2839 338 2876 cuneum
359 2818 440 2889 facit,
462 2817 515 2876 sed
537 2817 656 2875 familiae
679 2830 709 2874 et
733 2817 994 2896 propinquitates,
1012 2829 1042 2874 et
1057 2817 1089 2873 in

136 2912 272 2991 proximo
289 2913 424 2991 pignora,
441 2913 520 2970 unde
538 2912 714 2973 feminarum
735 2914 866 2970 ululatus
888 2910 994 2980 audiri,
1009 2910 1089 2968 unde

136 3008 253 3084 vagitus
262 3007 425 3066 infantium.
458 3008 502 3065 Hi
513 3007 620 3084 cuique
629 3007 804 3065 sanctissimi
814 3019 915 3075 testes,
924 3005 954 3061 hi
966 3005 1090 3062 maximi

136 3101 314 3159 laudatores.
354 3102 405 3158 Ad
418 3115 535 3170 matres,
551 3102 588 3160 ad
595 3103 747 3180 bconjuges
760 3103 885 3159 vulnera
898 3100 1013 3158 ferunt:
1033 3120 1090 3158 uec

137 3196 196 3255 illae
218 3215 386 3264 numerare,
404 3207 455 3251 aut
475 3195 598 3270 exigere
619 3198 722 3272 plagas
744 3207 871 3273 pavent:
899 3193 1039 3269 cibosque
1060 3207 1089 3254 et

139 3290 305 3350 hortamina
317 3288 517 3368 pugnantibus
531 3301 656 3364 gestant.

179 3385 269 3444 VIII.
288 3383 444 3443 Memoriae
454 3381 597 3460 proditur,
609 3381 753 3459 quasdem
768 3383 855 3453 acies,
867 3383 1020 3442 inclinatas
1027 3383 1090 3461 jam

46 3470 65 3477 “
140 3494 171 3541 et
195 3482 339 3550 labantes,
362 3499 379 3537 a
402 3478 521 3536 feminis
543 3477 702 3547 restitutas,
726 3478 890 3538 constantia
911 3499 1036 3558 precum
1059 3493 1091 3540 et

142 3576 261 3655 objectu
275 3588 437 3654 pectorum,
448 3587 478 3632 et
491 3586 653 3631 monstrata
667 3573 800 3632 cominus
815 3575 991 3653 captivitate,
1002 3597 1091 3652 quam

140 3673 232 3750 longe
254 3671 455 3749 impatientius
477 3669 654 3729 feminarum
678 3690 800 3727 suarum
823 3671 943 3729 nomine
967 3671 1090 3732 timent:

141 3765 228 3837 adeo,
238 3777 270 3824 ut
280 3765 431 3825 efficacius
441 3766 612 3843 obligentur
623 3764 713 3823 animi
724 3765 885 3837 civitatum,
895 3766 1004 3844 quibus
1014 3765 1092 3825 inter
