2394 4328
123 344 165 402 44
406 363 433 405 o.
457 361 798 405 constituissemus.

122 503 152 548 et
173 511 286 569 genere
308 504 459 570 praestens,
473 493 591 550 nomine
612 493 773 571 Calgacus,
795 493 875 572 opud
897 505 1077 555 contractam

121 586 349 656 multitudinem,
362 587 500 665 proelium
517 600 702 666 poscentem,
717 588 748 645 in
761 589 840 646 huno
857 589 980 647 modum
996 592 1077 649 locu-

120 693 167 739 tus
181 682 333 739 fertur:-

158 778 261 835 XXX.
286 778 422 853 Quotiens
438 798 539 836 eansas
553 779 621 836 belli
638 789 665 835 et
682 778 875 836 necessitatem
891 790 1019 837 nostram
1032 781 1076 839 in·

119 882 206 943 tneor,
218 893 341 948 magnus
355 874 430 931 milti
444 874 558 931 animus
568 884 617 943 est,
628 873 798 931 bodiernnm
812 874 889 931 diem
900 895 1075 934 eonsensum-
1089 872 1095 881 ’

119 988 172 1044 qne
186 978 310 1025 oestrum
321 968 439 1025 initium
452 968 594 1025 libertatis
608 969 693 1025 totins
705 969 952 1047 Britanniafore.
994 971 1076 1028 Nam

118 1074 146 1120 et
166 1065 290 1121 universi
311 1065 454 1120 servitutis
477 1074 608 1138 expertes,
624 1074 650 1120 et
672 1063 757 1120 nnllee
779 1064 859 1120 ultra
880 1074 970 1132 terra,
985 1086 1020 1122 ae
1041 1085 1076 1123 ne

118 1179 198 1216 more
212 1159 327 1234 quidem
336 1178 473 1228 securum,
481 1159 644 1215 imminente
656 1158 737 1215 nobis
751 1159 840 1216 classe
849 1160 1006 1217 Romana:
1029 1161 1075 1217 ita

116 1254 251 1328 pralium
262 1264 348 1330 otqne
360 1273 454 1322 arma,
464 1253 662 1331 qnaefortibns
674 1255 802 1322 bonesto,
813 1254 912 1311 eadem
927 1254 1015 1311 etiam
1028 1255 1074 1330 ig·

117 1350 202 1407 naon
216 1349 360 1406 tntissima
374 1358 447 1405 sunt.
488 1348 606 1406 Priores
614 1368 733 1424 pngnee,
748 1350 849 1424 quibus
863 1348 1000 1406 adversus
1014 1350 1074 1406 Ro-

117 1463 220 1501 manos
241 1445 327 1501 naria
329 1444 458 1522 fortuna
479 1454 616 1502 certatum
637 1455 686 1513 est,
705 1466 783 1520 spem
804 1467 839 1503 ae
860 1445 1019 1503 snbsidium
1043 1450 1075 1503 in

117 1541 221 1596 nostris
238 1540 370 1596 manibus
386 1538 552 1597 habebant:
576 1540 647 1615 qnia
663 1541 837 1598 nobilissimi
853 1541 939 1597 totius
954 1541 1074 1598 Britan-

117 1633 183 1702 nia,
198 1653 282 1709 eoque
294 1634 326 1690 in
339 1634 411 1707 ipsis
424 1634 625 1708 penetralibus
644 1635 703 1703 siti,
718 1654 767 1692 neo
779 1635 961 1692 seruientium
974 1636 1075 1692 littora

118 1728 294 1804 aspicientes,
306 1728 399 1785 oonlos
420 1748 529 1803 quoqne
548 1750 568 1785 a
584 1739 713 1787 contactu
731 1729 936 1788 dominationis
952 1730 1043 1787 inniol
1064 1763 1075 1773 -

119 1832 162 1879 tos
178 1823 362 1880 habebamus.
403 1824 473 1892 Nos,
487 1834 631 1882 terrarum
651 1843 684 1881 ao
705 1825 849 1882 libertatis
872 1836 1018 1894 entremos,
1033 1845 1075 1883 re-

118 1937 209 1975 cessus
231 1918 292 1993 ipse
315 1938 350 1976 ao
370 1918 450 1975 siuns
463 1918 562 1996 fama
584 1920 616 1977 in
637 1920 711 1977 buno
731 1920 808 1977 diem
828 1919 978 1997 defendit:
1000 1940 1076 1978 nnnc

118 2014 255 2101 lominus
266 2014 430 2072 Britannia
440 2024 525 2090 potet
532 2037 545 2082 ;
567 2025 653 2090 atque
673 2035 754 2072 omne
770 2016 901 2091 ignotum
916 2036 974 2091 pro
992 2036 1075 2090 mag·

46 2140 90 2181 7
119 2106 204 2185 nifim
222 2118 270 2168 est.
314 2108 374 2168 Sed
393 2109 476 2167 nnlla
488 2109 554 2186 jam
572 2111 651 2167 ultra
669 2131 749 2186 gens,
762 2111 839 2168 nibil
852 2111 912 2168 nisi
923 2111 1035 2188 stnetns
1049 2121 1076 2168 ot

118 2224 212 2263 sano:
241 2215 268 2263 et
287 2205 445 2284 infestiores
464 2205 595 2263 Romani
602 2228 615 2272 ,·
639 2226 757 2281 qnorum
778 2206 943 2281 superbiam
952 2206 1075 2284 frustra

117 2319 170 2375 per
196 2299 358 2377 obsequium
382 2311 410 2358 et
433 2300 602 2358 modestiam
628 2301 770 2377 effugeris.
811 2282 966 2377 iRaptores
989 2303 1075 2371 orbis,

115 2404 271 2470 postquam
291 2406 392 2453 annoto
412 2394 592 2453 vastantibus
612 2395 725 2474 dq‘nere
745 2406 838 2465 terro,
852 2406 879 2453 et
897 2416 979 2453 mare
999 2416 1073 2454 sorn-

119 2492 240 2544 tantnr:
261 2487 288 2543 si
302 2488 424 2562 locuples
435 2489 525 2545 bostis
543 2497 592 2556 est,
603 2489 690 2545 anari
697 2511 711 2555 ;
732 2490 759 2545 si
767 2508 891 2564 pauper,
906 2489 1072 2546 ambitiosi:

120 2600 189 2656 qnos
199 2601 254 2637 non
268 2581 379 2649 Oriens,
390 2601 446 2638 non
460 2582 598 2640 Occidens
611 2584 780 2640 satiaverit:
802 2584 857 2640 soli
870 2585 997 2641 omnium
1009 2603 1074 2658 opes

119 2684 206 2749 atqne
225 2675 356 2750 inopiam
372 2676 446 2751 pari
465 2677 568 2753 affeetu
587 2679 792 2752 concupiscunt.
843 2678 974 2756 Afferre,
987 2679 1069 2736 trnoi·

120 2769 199 2838 dare,
210 2790 320 2846 rapere,
323 2771 419 2849 falsis
431 2773 595 2829 nominibus
608 2771 786 2852 imperium
808 2784 902 2850 otqne,
911 2774 962 2831 nbi
974 2774 1074 2831 solitu·

119 2865 216 2924 dinem
216 2866 348 2944 faciunt,
359 2886 466 2945 pacem
480 2868 639 2943 appellant.

158 2961 278 3020 XXXI.
300 2962 422 3019 Liberos
435 2964 536 3039 oniqne
549 2983 585 3020 ae
592 2964 772 3039 propinquos
786 2983 850 3021 snos
863 2975 971 3023 natnro
985 2966 1073 3023 coris-

119 3056 207 3115 simos
217 3078 274 3115 esse
283 3056 393 3115 noluit:
409 3058 442 3115 bi
449 3077 506 3133 per
516 3058 647 3128 deleetns,
657 3059 733 3116 alibi
742 3060 885 3128 servituri,
895 3059 1074 3137 afferuntur.

125 3152 266 3231 Comages
285 3173 454 3229 sororesque,
472 3154 523 3210 etsi
539 3153 671 3211 bostilem
689 3154 840 3212 libidinem
857 3155 1007 3231 effugiant,
1025 3177 1073 3213 no·

119 3248 195 3306 mine
209 3248 374 3307 amicorum
387 3257 474 3325 atque
488 3248 640 3328 hospitum
654 3248 836 3324 pollnnntnr.
878 3251 965 3309 Bona
973 3251 1074 3329 fortn-

119 3363 227 3418 nasqne
241 3346 274 3402 in
291 3345 429 3403 tributam
445 3355 571 3420 egerunt,
588 3364 676 3402 annos
693 3345 725 3402 in
729 3345 933 3422 frumentum:
953 3367 1073 3423 corpora

119 3436 186 3511 ipsa
200 3458 235 3495 ao
248 3458 360 3506 manas,
369 3440 451 3497 silvis
462 3460 497 3497 ao
505 3439 668 3515 paladibus
677 3439 861 3508 emuniendis,
873 3441 991 3499 verbera
999 3443 1074 3499 inter

120 3550 155 3587 ao
170 3532 362 3600 contumelias,
378 3544 530 3591 conterunt.
559 3533 655 3591 'Nata
674 3534 806 3592 servituti
823 3537 974 3611 mancipia
990 3537 1075 3594 semel

121 3636 247 3696 veneunt,
261 3637 347 3703 atque
360 3629 436 3686 nitro
449 3651 469 3687 a
483 3628 607 3686 dominis
620 3628 758 3688 aluntur:
778 3632 940 3689 Britannia
952 3630 1072 3687 sernitn-

120 3728 176 3778 tom
190 3740 273 3779 snam
287 3723 413 3796 qnotidie
426 3726 501 3794 emit,
512 3723 637 3801 qnotidie
645 3725 751 3799 poscit.
791 3727 927 3797 destant
938 3723 1072 3800 infami·
