2394 4328
119 381 145 457 Ι4
414 397 441 437 c.
465 395 638 438 coartatus
660 393 796 437 rastros

124 525 230 586 valida.
268 526 394 585 Laboris
405 539 492 604 atque
501 546 626 605 operum
635 547 694 584 non
706 525 813 584 eadem
821 523 977 603 patientia:
994 522 1083 583 mini·

126 641 235 699 meque
258 622 338 680 sitim
359 636 526 699 aesturnque
546 622 685 691 tolerare,
703 621 816 700 frigora
837 633 926 697 atque
947 620 1081 680 inediam

126 719 203 775 coelo
217 719 315 774 solove
330 717 537 775 adsueverunt.

165 812 204 870 V.
227 811 330 881 Terra,
352 812 406 869 etsi
429 812 581 889 aliquanto
602 811 703 891 specie
727 810 834 880 differt,
851 811 882 868 in
906 810 1080 869 universum

126 919 226 966 tamen
246 920 296 964 aut
313 907 394 965 silvis
410 907 540 977 horrida,
556 921 609 966 aut
625 907 784 986 paludibus
801 906 898 965 foeda:
919 907 1080 977 humidior,

126 1023 186 1079 qua
201 1002 333 1071 Gallias3
354 1002 513 1072 ventosior,
529 1023 588 1080 qua
605 1002 754 1060 Noricum
771 1022 806 1060 ac
820 1002 1006 1060 Pannoniam
1029 1003 1079 1060 ad·

126 1096 229 1175 spicit:
251 1097 320 1156 satis
328 1097 422 1167 ferax,
434 1097 643 1175 frugiferarum
655 1098 791 1156 arborum
802 1097 925 1177 patiens,
937 1118 1081 1176 pecorum

107 1268 112 1275 ι
126 1191 273 1262 foecunda,
285 1190 337 1250 sed
348 1195 522 1270 plerumque
537 1192 701 1271 inprocera
742 1193 792 1252 Ne
807 1192 945 1251 armentis
959 1192 1081 1269 quidem

126 1309 196 1348 suus
214 1291 319 1358 honor,
337 1301 389 1347 aut
412 1288 507 1367 gloria
528 1287 647 1347 frontis:
670 1309 795 1347 numero
819 1288 958 1366 gaudent,
976 1309 1080 1365 eaeque
1144 1336 1149 1347 ,

126 1384 198 1442 solae
216 1398 246 1442 et
263 1383 438 1462 gratissimae
456 1404 529 1462 opes
547 1397 623 1442 sunt.
663 1386 832 1462 Argentum
849 1397 880 1442 et
897 1403 1000 1442 aurum
1013 1404 1081 1460 pro·

126 1479 193 1556 pitii
208 1499 245 1536 an
259 1479 323 1536 irati
344 1476 388 1535 dii
406 1478 581 1557 negaverint
594 1478 708 1537 dubito.
749 1479 818 1537 Nec
831 1491 931 1537 tamen
946 1478 1081 1537 adfirma-

127 1574 230 1642 verim,
245 1575 358 1631 nullam
372 1573 542 1632 Germaniae
559 1593 665 1632 venam
683 1588 840 1653 argentum
857 1594 1000 1632 aurumve
1018 1574 1082 1652 gig·

126 1688 217 1726 nere:
240 1668 305 1745 quis
322 1668 402 1725 euim
419 1681 566 1727 scrutatus
583 1669 648 1728 estl
670 1670 858 1747 possessione
880 1683 910 1728 et
927 1690 982 1727 usu
999 1670 1082 1728 haud

127 1763 251 1840 perinde
266 1762 449 1820 adficiuntur.
490 1764 546 1822 Est
559 1763 660 1822 videre
676 1765 757 1843 apud
767 1765 833 1823 illos
847 1779 989 1843 argentea
1000 1786 1081 1835 vasa,

127 1858 234 1936 legatis
249 1871 279 1916 et
293 1858 478 1937 principibus
493 1879 596 1916 eorum
609 1860 726 1918 muneri
741 1860 819 1930 data,
830 1881 890 1918 non
904 1860 933 1917 in
950 1861 1008 1918 alia
1017 1861 1081 1918 vili·

128 1966 199 2022 tate,
214 1975 303 2030 quam
320 1975 385 2031 quae
400 1955 490 2011 humo
505 1954 671 2032 finguntur:
694 1976 872 2033 quamquam
885 1956 1025 2034 proximi,
1041 1957 1082 2014 ob

128 2069 216 2106 usum
227 2050 482 2120 commerciorum,
493 2070 597 2107 aurum
608 2062 638 2107 et
649 2063 804 2128 argentum
813 2051 842 2107 in
853 2050 951 2128 pretio
959 2051 1081 2120 habent,

127 2146 295 2224 formasque
309 2145 452 2224 quasdam
469 2159 577 2204 nostrae
592 2146 728 2224 pecunias
746 2159 908 2223 agnoscunt
926 2159 1014 2223 atque
1028 2147 1081 2204 eli·

128 2255 219 2320 gunt:
251 2242 404 2300 interiores
435 2241 597 2320 simplicius
627 2253 658 2299 et
687 2240 833 2318 antiquius
860 2242 1081 2320 permutatione

127 2337 272 2395 mercium
296 2351 425 2395 utuntur.
476 2336 640 2394 Pecuniam
665 2337 791 2414 probant
812 2350 948 2395 veterem
976 2351 1006 2395 et
1029 2337 1082 2396 diu

127 2442 239 2500 notam,
261 2444 398 2501 serratos,
415 2432 598 2509 bigatosque.
647 2432 816 2509 Argentum
840 2453 960 2510 quoque
984 2433 1082 2510 magis

127 2545 216 2603 quam
235 2545 338 2583 aurum
356 2540 529 2602 sequuntur,
544 2527 627 2584 nulla
644 2527 809 2586 adfectione
827 2527 925 2597 animi,
940 2528 992 2586 sed
1010 2529 1083 2606 quia

128 2640 269 2678 numerus
287 2634 494 2699 argenteorum
508 2621 624 2680 facilior
638 2623 705 2681 usui
719 2635 764 2682 est
777 2624 946 2702 promiscua
960 2645 994 2682 ac
1010 2623 1082 2682 vilia

128 2715 336 2775 mercantibus.

167 2811 225 2868 VI.
247 2811 297 2870 No
311 2811 424 2870 ferrum
438 2811 560 2889 quidem
576 2826 720 2892 superest,
736 2814 814 2873 sicut
827 2835 867 2872 ox
882 2834 992 2891 genera
1005 2815 1079 2872 telo·

127 2927 194 2966 rum
208 2907 375 2985 conligitur.
417 2908 490 2965 Rari
505 2907 619 2986 gladiis,
631 2922 683 2966 aut
697 2909 858 2987 majoribus
870 2909 980 2968 lanceis
994 2923 1081 2968 utun·

128 3014 184 3061 tur.
224 3003 344 3072 Hastae,
359 3003 407 3060 val
424 3002 557 3081 ipsorum
578 3005 723 3062 vocabulo
732 3005 879 3084 frameas,
897 2992 1012 3083 gerunt,
1031 3026 1081 3063 an·

128 3111 214 3175 gusto
236 3109 266 3155 et
285 3096 370 3154 brevi
389 3095 548 3165 fer1·0,sed
567 3096 609 3155 ita
629 3097 698 3166 acri,
714 3110 744 3155 et
765 3096 804 3155 ad
826 3118 912 3156 usum
933 3098 1034 3168 habili,
1049 3111 1083 3156 ut

128 3192 235 3250 eodem
257 3194 327 3261 telo,
341 3204 430 3270 prout
450 3191 526 3250 ratio
547 3192 653 3270 poscit,
668 3193 716 3250 vel
739 3193 873 3251 cominus
893 3195 943 3251 vel
964 3192 1082 3252 eminus

129 3300 269 3365 pugnent.
309 3287 351 3344 Et
371 3307 464 3364 eques
486 3287 608 3365 quidem
631 3300 717 3346 scuto
733 3287 903 3366 frameaque
924 3301 1082 3348 contentus

129 3393 190 3439 est:
212 3381 329 3458 pedites
351 3395 381 3440 et
401 3382 523 3441 missilia
542 3395 692 3462 spargunt,
707 3385 792 3460 plura
811 3384 928 3462 singuli,
944 3396 1033 3462 atque
1050 3385 1082 3443 in

128 3476 294 3533 inmensum
314 3477 439 3547 vibrant,
454 3477 527 3535 nudi
549 3491 600 3535 aut
620 3480 722 3555 sagulo
739 3461 842 3537 leves.¹
871 3480 963 3538 Nulla
984 3481 1083 3540 cultus

125 3569 268 3650 jactatio:
290 3586 375 3629 scuta
395 3585 508 3630 tantum
528 3572 696 3630 lectissimis
717 3573 864 3633 coloribus
880 3575 1082 3654 distinguunt:

128 3664 231 3743 paucis
247 3665 365 3725 loricae:
387 3667 437 3724 vix
458 3668 511 3724 uui
529 3667 653 3725 alterive
674 3667 774 3738 cassis,
792 3681 844 3728 aut
864 3671 959 3748 galea.
1000 3671 1083 3749 Equi

129 3778 189 3818 nou
209 3759 311 3831 forma,
329 3781 388 3818 non
412 3763 568 3820 velocitate
590 3762 753 3842 conspicui.
804 3764 867 3824 Sed
888 3787 946 3827 nec
966 3767 1083 3829 variare
