2394 4328
315 379 480 421 aouiconn
503 378 893 441 vrrs.-oar.pv111.-xx.
1038 364 1079 435 39

127 529 227 568 rerum
243 510 273 569 in
289 510 450 568 vanitatem
467 530 539 569 usus
555 509 782 588 expeditionem
799 522 850 568 aut
861 509 1014 568 victoriam
1030 530 1079 569 vo·

128 604 213 662 cabat
234 606 326 663 victos
337 605 532 663 continuisse:
550 626 589 663 ne
600 606 740 663 laureatis
750 604 872 682 quidem
886 618 969 682 gesta
979 625 1080 683 prose·

127 711 211 757 cutus
235 713 288 768 est,
313 700 367 757 sed
390 700 457 778 ipsa
480 700 714 759 dissimulatione
739 701 826 759 famae
851 701 961 758 famam
988 700 1079 770 auxit,

127 793 339 852 aestimantibus
353 807 464 887 quanta
472 794 565 852 futuri
579 816 633 872 spe
648 808 708 853 tam
723 816 831 874 magna
843 795 991 854 tacuisset.

46 926 50 933 -
135 928 150 951 ,-
166 889 254 948 ΧΙΧ.
277 890 421 948 Ceterum
437 891 602 948 animorum
613 890 772 968 provinciae
783 891 924 969 prudens,
933 890 1079 966 simulque

127 982 231 1040 doctus
253 1003 307 1061 per
329 985 425 1042 aliena
447 985 660 1062 experimenta,
681 1005 787 1062 parum
808 985 913 1065 profici
936 985 1033 1054 armis,
1053 985 1078 1043 si

126 1076 245 1154 injuriae
258 1090 462 1154 sequerentur,
474 1098 578 1136 causas
589 1079 736 1136 bellorum
747 1080 848 1137 statuit
860 1081 1010 1138 excidere.
1049 1081 1080 1137 A

127 1172 300 1249 seruisque
320 1193 413 1241 orsus,
431 1172 556 1250 primum
576 1172 697 1231 domum
719 1194 804 1231 suam
826 1174 972 1244 coercuit;
1001 1173 1080 1250 quod

127 1266 282 1343 plerisque
290 1267 474 1324 haudminus
484 1267 610 1324 arduum
619 1280 769 1344 est,quam
779 1267 1080 1345 provinciamregere.

130 1360 215 1417 Nihil
229 1382 285 1439 per
298 1361 421 1419 libertos
435 1381 595 1439 servosque
609 1361 737 1439 publica
750 1361 812 1420 rei:
833 1381 893 1418 non
906 1361 1010 1419 studiis
1023 1360 1080 1439 pri·
1128 1380 1131 1385 ·

128 1455 213 1524 vatis,
227 1476 284 1513 neo
305 1475 343 1513 ex
366 1456 621 1514 commendatione
644 1470 695 1515 aut
711 1457 850 1535 precibus
874 1455 1079 1514 centurionum

127 1550 235 1609 milites
247 1551 352 1621 ascire,
363 1550 417 1609 sed
430 1551 572 1629 optimum
583 1571 730 1627 quemque
742 1546 945 1635 fidfirssimum
956 1563 1078 1628 putaret

129 1645 227 1703 omnia
243 1646 330 1714 scire,
345 1666 405 1703 non
419 1645 518 1704 omnia
531 1646 673 1723 exsequi:
694 1647 792 1724 parvis
805 1646 937 1725 peccatis
952 1645 1078 1715 veniam,
1104 1644 1113 1659 ⁴

127 1740 241 1817 magnis
261 1740 453 1799 severitatem
474 1740 680 1799 commodare:
702 1761 759 1798 nec
775 1760 865 1819 poena
881 1761 1010 1819 semper,
1024 1738 1078 1798 sed

126 1836 235 1912 saepius
251 1835 427 1913 poenitentia
447 1849 602 1893 contentus
620 1856 704 1894 esse:
726 1835 830 1894 officiis
847 1848 878 1893 et
894 1834 1078 1893 administra·

125 1927 253 1987 tionibus
267 1929 363 2007 potius
377 1949 435 1986 non
450 1942 625 2009 peccaturos
639 1950 825 2007 praeponere,
836 1949 925 2006 quam
936 1928 1077 1987 damnare

127 2035 195 2080 cum
223 2036 406 2101 peccassent.
459 2023 616 2081 Frumenti
643 2036 672 2080 et
701 2024 878 2082 tributorum
909 2023 1078 2081 auctionem

125 2117 293 2193 aequalitate
308 2137 465 2175 munerum
479 2117 603 2184 mollire,
615 2117 792 2175 circumcisis
806 2139 873 2194 quae
888 2117 918 2174 in
932 2129 1078 2193 quaestum

124 2223 246 2288 reperta
261 2211 325 2289 ipso
346 2211 454 2268 tributo
475 2211 593 2287 gravius
612 2212 825 2270 tolerabantur.
866 2211 1007 2287 Namque
1024 2232 1079 2290 per

125 2305 289 2363 ludibrium
301 2304 429 2363 assidere
440 2305 545 2363 clausis
553 2304 674 2375 horreis,
684 2319 715 2364 et
726 2326 827 2365 emere
836 2306 912 2364 ultro
920 2306 1078 2378 frumenta,

126 2421 161 2458 ac
174 2384 304 2458 vendere
320 2400 417 2479 pretio
431 2400 620 2478 cogebantur.
661 2400 806 2459 Deventia
819 2400 959 2459 itinerum
973 2414 1004 2459 et
1017 2402 1078 2461 lon·

126 2496 275 2574 ginquitaa
296 2495 453 2574 regionum
474 2495 670 2565 indicebatur,
686 2508 719 2554 ut
741 2496 874 2555 civitates
897 2517 915 2556 a
934 2496 1077 2576 proximis

124 2591 252 2650 hibernis
266 2591 297 2648 in
310 2603 423 2651 remota
433 2603 464 2648 et
477 2590 544 2649 avia
557 2590 716 2661 deferrent,
728 2591 833 2661 donec,
844 2591 925 2670 quod
940 2593 1078 2651 omnibus

125 2689 156 2747 in
169 2702 289 2769 promtu
310 2703 384 2763 erat,
411 2690 515 2768 paucis
528 2692 679 2748 lucrosum
693 2691 787 2749 fieret.

164 2785 234 2844 XX.
256 2786 333 2843 Haec
350 2785 447 2863 primo
463 2785 562 2843 statim
580 2805 656 2844 anno
674 2786 906 2865 comprimendo,
925 2787 1077 2866 egregiam

125 2880 233 2939 famam
250 2880 318 2959 paci
336 2879 548 2950 circumdedit3
573 2901 641 2956 quaa
657 2883 706 2939 vel
722 2882 838 2940 incuria
854 2883 902 2939 vel
918 2880 1079 2941 tolerantia

124 2976 257 3053 priorum
266 2973 345 3031 haud
356 2975 451 3033 minus
461 2994 550 3051 quam
559 2975 671 3033 bellum
681 2976 849 3035 timebatur.
882 2974 954 3044 Sed,
963 2975 1014 3033 ubi
1025 2994 1077 3033 aes·

125 3082 170 3129 tas
185 3069 312 3138 advenit,
322 3081 469 3127 contracto
483 3071 628 3140 exercitu,
637 3070 763 3129 militum
777 3071 809 3128 in
823 3068 942 3147 agmine
956 3067 1077 3127 laudare

126 3163 314 3230 modestiam,
333 3163 477 3240 disjectos
495 3183 643 3233 coercere,
660 3167 727 3222 loca
747 3163 851 3223 castris
872 3163 936 3241 ipse
958 3183 1077 3241 capere,

125 3259 264 3318 aestuaria
281 3276 316 3314 ac
332 3256 422 3314 silvas
438 3256 502 3333 ipse
518 3270 704 3333 praetentare,
722 3270 753 3315 et
768 3257 842 3315 nihil
859 3256 979 3315 interim
996 3256 1077 3336 apud

126 3355 226 3412 hostes
244 3352 378 3430 quietum
394 3350 467 3430 pati,
482 3370 541 3427 quo
558 3350 654 3408 minus
671 3351 776 3410 subitis
793 3351 966 3411 excursibus
982 3373 1077 3432 popu·

125 3450 254 3519 loretum
278 3459 375 3524 atque,
386 3445 439 3505 ubi
454 3445 525 3504 satis
540 3457 695 3514 terruerat,
705 3446 857 3524 parcendo
870 3466 972 3506 rursus
982 3447 1076 3508 irrita-

124 3556 225 3603 menta
246 3541 328 3621 pacis
354 3554 510 3601 ostentare.
555 3540 675 3612 Quibus
696 3541 786 3599 rebus
808 3543 910 3600 multae
934 3542 1075 3616 civitates,

123 3658 191 3717 quoe
204 3638 234 3696 in
248 3639 332 3696 illum
347 3636 427 3696 diem
441 3657 480 3696 ex
493 3658 581 3714 aequo
595 3649 727 3714 egerant,
739 3637 814 3695 datis
828 3637 989 3708 obsidibus,
1000 3638 1075 3699 iram

124 3754 259 3833 popuere,
270 3746 302 3793 et
311 3733 457 3813 praesidiis
468 3733 656 3811 castellisque
667 3732 857 3793 circumdatas
866 3746 951 3793 tenta
963 3734 1076 3794 ratione
