2394 4328
130 331 170 389 38
418 349 444 388 c.
469 349 641 389 cernamus
665 350 809 392 rscrrus.

128 479 308 536 successoris
326 498 429 536 curam
445 478 614 557 famamque
633 480 786 550 obruisset,
805 481 942 539 sustinuit
964 503 1082 560 quoque

127 575 236 632 molem
260 574 361 632 Julius
384 575 553 646 Frontinus,
575 576 620 632 vir
643 596 776 654 magnus,
796 591 939 652 quantum
964 577 1101 650 licebat,'

127 668 314 747 validamque
335 683 365 728 et
381 692 549 748 pugnacem
564 671 694 728 Silurum
713 685 831 749 gentem
849 672 937 730 armis
954 675 1081 751 subegit,

126 784 217 842 super
226 766 365 825 virtutem
379 767 507 826 hostium
521 769 654 825 locorum
669 788 787 844 quoque
798 767 985 829 difficultates
1000 772 1081 828 eluc-

126 872 213 920 tatus.

56 972 98 1013 ἢ
165 955 286 1014 XVIII.
315 957 408 1015 Hunc
431 957 594 1015 Britanniae
619 970 736 1027 statum,
759 958 813 1016 has
835 959 979 1017 bellorum
1001 961 1081 1018 vices

125 1052 227 1110 media
242 1053 307 1131 jam
328 1066 431 1112 aestate
454 1066 654 1131 transgressus
672 1053 815 1132 Agricola
830 1054 948 1123 invenit,
963 1074 1032 1111 cum
1050 1068 1081 1112 et

126 1149 243 1219 milites,
255 1152 337 1208 velut
351 1150 457 1208 omissa
468 1150 669 1228 expeditione,
681 1150 719 1207 ad
730 1150 927 1217 securitatem,
937 1163 967 1206 et
976 1151 1080 1208 hostes

126 1245 164 1305 ad
189 1245 387 1314 occasionem,
409 1260 605 1305 verterentur.
659 1246 842 1304 Ordovicum
870 1247 974 1304 civitas
999 1247 1081 1303 haud

126 1341 220 1399 multo
238 1354 305 1400 ante
324 1341 485 1400 adventum
499 1342 572 1419 ejus,
592 1343 668 1400 alam
685 1341 714 1397 in
731 1341 839 1399 finibus
855 1341 915 1398 suis
933 1355 1079 1418 agentem,

125 1454 220 1514 prope
238 1436 405 1495 universam
426 1436 602 1495 obtriverat:
627 1456 723 1514 eoque
744 1437 827 1494 initio
849 1448 948 1494 erecta
965 1437 1080 1513 provin·

126 1529 184 1600 cias
195 1543 229 1593 ut
247 1531 353 1608 quibus
367 1532 478 1589 bellum
491 1531 660 1589 volentibus
678 1544 750 1600 erat,
764 1532 890 1610 probare
908 1533 1081 1608 exemplum

126 1638 176 1683 aut
197 1627 326 1685 recentis
348 1627 438 1704 legati
462 1627 593 1686 animum
616 1626 758 1705 opperiri.
800 1627 879 1683 Tum
897 1627 1081 1704 Agricola-

125 1741 306 1798 quamquam
320 1735 469 1780 transacta
482 1735 578 1791 aestas,
590 1722 684 1800 sparsi
696 1743 751 1800 per
761 1721 941 1800 provinciam
954 1722 1081 1792 numeri,

125 1829 285 1895 praesumta
306 1817 386 1895 apud
405 1817 527 1875 militem
549 1817 629 1875 illius
652 1817 719 1876 anni
736 1817 822 1895 quies
844 1816 943 1894 (tarda
963 1830 994 1874 et
1015 1838 1081 1875 oon·

124 1910 215 1971 traria
231 1912 345 1971 bellum
361 1912 555 1989 inchoaturo),
570 1926 602 1970 et
614 1913 766 1991 plerisque
784 1912 925 1970 custodiri
942 1925 1081 1991 suspecta

123 2011 223 2091 potius
248 2011 505 2070 videbatur-ire
533 2011 651 2069 obviam
676 2008 837 2067 discrimini
863 2009 981 2080 statuit3
1014 2029 1081 2066 con·

123 2107 287 2185 tractisque
301 2108 456 2186 legionum
470 2106 587 2166 vexillis
604 2118 634 2163 et
651 2105 769 2163 modica
785 2104 965 2163 auxiliorum
979 2124 1080 2174 manu,

124 2205 194 2281 quia
206 2204 238 2262 iu
251 2224 368 2282 aequum
379 2202 502 2282 degredi
512 2201 675 2261 Ordovices
689 2221 748 2258 non
764 2201 923 2271 audebant,
932 2200 997 2279 ipse
1012 2213 1079 2258 ante

125 2318 243 2378 agmen,
254 2320 312 2376 quo
328 2299 434 2358 ceteris
445 2318 501 2376 par
512 2297 625 2356 animus
637 2296 726 2354 simili
737 2296 873 2375 periculo
884 2308 971 2367 esset,
983 2295 1080 2354 erexit

124 2395 236 2464 aciem3
264 2414 397 2471 caesaque
415 2414 509 2473 prope
531 2393 671 2451 universa
693 2405 792 2470 gente,
809 2412 868 2450 non
890 2392 1020 2470 ignarus,
1037 2392 1068 2448 in

123 2488 261 2547 standum
275 2487 372 2559 famae,
387 2509 432 2559 ac,
447 2502 535 2567 prout
553 2488 650 2567 prima
667 2487 833 2559 cessissent,
847 2488 913 2558 fore
931 2488 1077 2556 universa,

126 2583 247 2641 Monam
261 2581 389 2641 insulam
408 2583 506 2661 (cujus
524 2583 710 2661 possessione
731 2598 900 2642 revocatum
919 2583 1079 2641 Paulinum

123 2677 288 2737 rebellione
305 2678 396 2737 totius
408 2678 570 2737 Britanniae
586 2699 677 2757 supra
693 2679 867 2757 memoravi)
891 2679 1029 2757 redigere
1047 2679 1079 2735 in

122 2786 297 2853 potestatem
321 2774 421 2832 animo
442 2774 577 2833 intendit.
624 2775 694 2845 Sed,
712 2789 744 2833 ut
765 2775 914 2843 indubiis
936 2774 1077 2842 consiliis,

122 2890 215 2931 naves
227 2870 351 2929 deerant
359 2894 366 2942 ;
388 2871 466 2928 ratio
481 2882 510 2928 et
524 2871 691 2929 constantia
701 2871 786 2930 ducis
801 2870 974 2929 transvexit.
1015 2870 1077 2927 De-

123 2965 225 3046 positis
248 2966 384 3025 omnibus
407 2965 537 3037 sarcinis,
554 2966 731 3025 lectissimos
756 2966 955 3036 auxiliarium,
970 2965 1079 3043 quibus

123 3076 195 3121 nota
207 3062 283 3121 vada
299 3075 331 3120 et
344 3062 458 3142 patrius
471 3061 561 3121 nandi
574 3083 655 3131 usus,
670 3083 729 3141 quo
743 3062 832 3121 simul
846 3081 939 3140 seque
953 3074 983 3119 et
997 3081 1080 3118 arma

124 3169 155 3215 et
165 3178 260 3236 equos
270 3170 387 3237 regunt,
397 3157 438 3216 ita
446 3170 570 3236 repente
579 3156 709 3227 immisit,
719 3171 753 3215 ut
762 3157 962 3237 obstupefacti
970 3157 1079 3226 hostes,

124 3254 175 3330 qui
192 3255 327 3324 classem,
342 3253 393 3333 qui
413 3274 513 3322 naves,
527 3252 579 3329 qui
600 3273 682 3311 mare
704 3253 927 3332 exspectabant,
944 3252 1017 3311 nihil
1037 3274 1079 3311 ar·

124 3348 215 3406 duum
234 3363 285 3408 aut
299 3350 440 3409 invictum
455 3349 635 3408 crediderint
648 3349 691 3408 sio
706 3349 743 3407 ad
756 3349 869 3407 bellum
883 3349 1080 3408 venientibus.

125 3444 172 3502 Ita
186 3447 279 3522 petita
292 3467 366 3524 pace
384 3468 418 3505 ac
433 3446 532 3505 dedita
545 3447 651 3515 insula,
667 3448 765 3504 clarus
782 3466 817 3505 ao
834 3468 960 3526 magnus
976 3448 1081 3507 haberi

125 3539 274 3616 Agricola,
286 3542 395 3620 quippe
409 3542 458 3600 cui
471 3541 651 3619 ingredienti
665 3540 859 3619 provinciam,
871 3544 950 3620 quod
962 3557 1082 3621 tempus

126 3633 176 3691 alii
189 3655 244 3712 per
257 3638 491 3705 ostentationem,
504 3649 554 3695 aut
571 3636 893 3697 officiorum'ambitum
907 3638 1080 3714 transigunt,
1127 3635 1131 3641 ’

126 3729 209 3788 labor
223 3744 252 3789 et
265 3733 430 3810 periculum
441 3733 607 3811 placuisset.
649 3734 716 3793 Nec
729 3736 872 3813 Agricola
882 3735 1082 3814 prosperitate
