2394 4328
298 396 461 438 acarconra
484 396 886 440 vrrs.—car.xn1v.-xr.v.
1031 381 1072 440 58

118 531 230 597 velrnt;
261 528 414 587 decentior
435 548 525 605 quam
547 529 704 587 sublimior
724 529 800 587 fuit:
826 527 899 586 nihil
921 543 1019 588 metus
1041 530 1071 587 iu

118 627 218 695 vultu;
240 625 335 703 gratia
355 625 414 683 oris
432 637 604 703 supererat:
625 626 738 684 bonurn
752 625 849 683 virum
863 624 952 683 facile
967 626 1070 684 crede·

118 740 175 792 res,
190 742 329 799 magnum
343 721 481 780 libenter.
489 695 564 823 [Et
581 721 647 800 ipse
666 721 799 798 quidem,
813 741 993 798 quemquam
1007 741 1070 779 me·

118 816 169 875 dio
182 817 212 875 in
226 818 323 896 spatio
336 818 460 895 integrae
475 817 569 875 aetatis
584 829 714 894 ereptus,
729 829 872 893 quantum
886 815 924 875 ad
942 816 1070 895 gloriam

116 912 321 990 longissimum
340 933 437 972 aevum
453 913 581 991 peregit.
623 912 747 990 Quippe
768 924 799 971 et
815 933 886 972 vera
899 914 987 983 bona,
1002 934 1070 991 quae

116 1007 147 1066 in
162 1009 321 1067 virtutibus
335 1009 392 1067 sita
405 1020 483 1077 sunt,
498 1009 685 1087 impleverat,
699 1021 729 1068 et
745 1010 950 1068 consularibus
966 1030 1001 1069 ac
1018 1011 1069 1068 tri·

116 1104 305 1182 umphalibus
319 1104 498 1162 ornamentis
512 1103 649 1182 praedito,
664 1103 735 1180 quid
748 1103 829 1162 aliud
843 1105 998 1164 adstruere
1011 1106 1069 1165 for·

116 1211 190 1257 tuna
209 1199 349 1276 poteratl
396 1198 512 1276 Opibus
533 1199 632 1256 nimiis
655 1219 714 1256 non
735 1199 885 1277 gaudebat
892 1223 900 1271 ;
928 1201 1069 1279 specioaae

118 1295 323 1372 contigerant:
342 1293 405 1352 filia
418 1306 506 1371 atque
520 1314 617 1351 uxore
631 1294 849 1371 superstitibus,
864 1307 963 1372 potest
976 1295 1071 1353 videri

118 1388 209 1446 etiam
232 1391 346 1457 beatus,
387 1389 529 1446 incolumi
553 1388 705 1466 dignitate,
728 1389 853 1447 florente
877 1389 965 1458 fama,
987 1392 1072 1448 salvis

118 1484 307 1543 affinitatibus
330 1498 360 1543 et
384 1484 530 1554 amicitiis,
553 1484 651 1541 futura
675 1484 823 1562 effugisse.
871 1484 961 1555 Nam,
984 1484 1071 1543 sicuti

117 1579 227 1639 durare
241 1580 272 1638 in
285 1581 341 1638 hac
354 1580 516 1638 beatissimi
530 1580 632 1638 saeculi
645 1581 722 1650 luce,
738 1600 773 1638 ac
786 1579 952 1658 principem
968 1581 1070 1659 Traja-

117 1695 190 1732 num
202 1674 316 1746 videre,
332 1675 456 1754 augurio
474 1674 608 1752 votisque
626 1673 706 1752 apud
722 1688 839 1733 nostras
856 1695 942 1733 aures
960 1675 1069 1733 omina-

117 1771 211 1839 batur,
236 1769 277 1828 ita
299 1769 446 1829 festinatae
471 1770 572 1828 mortis
600 1769 713 1847 grande
740 1770 878 1829 solatium
901 1771 979 1841 tulit,
1004 1790 1069 1828 eva·

118 1864 192 1924 sisse
205 1878 391 1943 postremum
403 1864 479 1923 illud
495 1877 625 1942 tempus,
643 1884 703 1941 quo
717 1865 916 1936 Domitianus,
932 1886 993 1924 non
1003 1867 1069 1945 jam

117 1980 174 2038 per
192 1960 348 2019 intervalla
366 1981 401 2018 ac
420 1960 602 2037 spiramenta
615 1972 793 2038 temporum,
810 1960 865 2018 sed
885 1962 1027 2019 continuo
1040 1950 1078 2020 et¹

117 2057 200 2114 velut
213 2076 276 2114 uno
289 2056 360 2125 ictu,
374 2055 594 2133 rempublicam
607 2054 755 2114 exhausit.

157 2150 258 2208 XLV.
279 2150 350 2208 Non
359 2148 431 2206 vidit
441 2149 583 2226 Agricola
596 2150 749 2207 obsessam
762 2150 885 2219 curiam,
895 2162 926 2208 et
939 2152 1071 2209 clausum

118 2244 209 2303 armis
226 2257 372 2312 senatum,
390 2255 421 2301 et
443 2243 550 2301 eadem
566 2255 664 2321 strage
682 2255 725 2301 tot
742 2246 945 2303 consularium
963 2244 1070 2315 caedes,

118 2352 164 2398 tot
180 2338 428 2397 nobilissimarum
441 2338 621 2397 feminarum
637 2338 741 2397 exsilia
758 2351 789 2398 et
802 2339 895 2417 fugas.
935 2340 1005 2399 Una
1018 2341 1070 2399 ad-

117 2436 177 2493 huc
192 2435 315 2494 victoria
332 2435 429 2494 Gerus
446 2435 558 2493 Metius
579 2435 763 2506 censebatur,
781 2448 811 2494 et
830 2436 906 2494 intra
921 2437 1070 2496 Albanam

118 2551 218 2589 arcem
233 2530 381 2589 sententia
394 2531 546 2590 Messalini
560 2531 721 2610 strepebat,
733 2544 763 2590 et
772 2532 995 2591 MassaBebius
1004 2534 1069 2612 jam

118 2639 181 2684 tum
196 2647 265 2685 reus
278 2640 351 2686 erat.
391 2627 466 2686 Mox
482 2641 591 2687 nostrae
606 2627 720 2686 duxere
734 2627 909 2686 Helvidium
924 2629 954 2685 in
972 2649 1069 2686 carce-

117 2742 181 2779 rem
197 2743 323 2782 manus:
345 2743 399 2781 nos
413 2722 543 2782 Maurici
558 2723 735 2800 Rusticique
748 2723 837 2792 visua
849 2743 904 2781 nos
918 2723 1068 2783 innocenti

118 2817 261 2894 sanguiue
273 2818 399 2876 Senecio
409 2817 548 2895 perfudit.
590 2817 676 2875 Nero
689 2830 789 2874 tamen
802 2817 950 2875 subtraxit
960 2820 1069 2887 oculos,

119 2913 266 2990 jussitque
281 2914 403 2981 scelera,
414 2933 472 2970 non
483 2912 643 2990 spectavit:
664 2912 816 2989 praecipua
829 2911 885 2969 sub
896 2912 1070 2970 Domitiano
1125 2899 1128 2904 ’

120 3008 307 3066 miseriarum
314 3027 382 3085 pars
393 3021 464 3075 erat,
474 3006 578 3066 videre
588 3020 617 3066 et
627 3005 749 3085 adspici,
759 3027 827 3065 cum
835 3005 964 3084 suspiria
971 3018 1071 3062 nostra

118 3101 384 3171 subscriberentur,
402 3121 470 3159 cum
487 3101 663 3160 denotandis
680 3112 723 3158 tot
738 3100 892 3159 hominum
909 3099 1071 3176 palloribus

118 3197 267 3256 sufficeret
278 3215 371 3254 saevus
382 3195 433 3252 ille
443 3195 543 3251 vultus
555 3206 586 3252 et
596 3194 696 3263 rubor,
705 3214 764 3270 quo
773 3214 807 3251 se
816 3205 916 3251 contra
924 3191 1071 3270 pudorem

120 3292 278 3351 muniebat.
333 3289 382 3347 Tu
406 3308 479 3347 vero
503 3287 585 3356 felix,
607 3287 759 3364 Agricola,
779 3307 839 3344 non
859 3286 928 3345 vitae
956 3299 1071 3348 tautum

120 3388 263 3458 claritate,
277 3387 331 3446 sed
348 3385 438 3445 etiam
454 3381 677 3463 opportunitate
694 3364 887 3481 momfflt
903 3382 1070 3462 perhibent,

120 3486 172 3564 qui
193 3481 390 3542 interfuerunt
410 3477 580 3540 novissimis
601 3477 787 3537 sermonibus
803 3477 870 3544 tuis,
884 3489 1021 3536 constans
1041 3491 1071 3538 et

119 3580 217 3639 libens
231 3579 323 3636 fatum
338 3576 499 3655 excepisti3
522 3587 673 3651 tamquam
685 3593 740 3652 pro
750 3571 826 3629 virili
837 3573 976 3652 portione
990 3573 1071 3633 inno·

121 3674 253 3734 centiam
279 3672 408 3752 principi
432 3671 567 3730 donares.
621 3667 683 3726 Sed
710 3667 783 3724 mihi
805 3667 942 3745 liliaeque,
964 3682 1073 3748 praeter

122 3769 310 3828 acerbitatem
332 3768 460 3848 parentis
481 3765 589 3844 erepti,
604 3776 694 3843 auget
710 3763 887 3835 moestitiam,
901 3764 983 3842 quod
1001 3765 1072 3841 assi·
