2394 4328
394 382 434 424 nu
456 383 748 424 crannum-css.
773 383 930 426 xia-xxi.
1100 372 1135 428 ll

184 534 285 572 coram
298 514 482 593 propinquis,
498 515 623 593 expellit
636 515 724 573 domo
742 515 874 584 maritus,
890 536 924 573 ac
941 537 997 594 per
1018 538 1137 575 omnem

185 610 281 668 vicum
295 612 417 669 verbere
433 611 503 688 agit.
546 611 712 669 Publicatae
731 611 811 669 enim
826 612 978 690 pudicitiae
994 615 1074 671 nulla
1089 635 1137 671 ve·

184 705 245 775 nia3
267 727 326 763 non
339 706 442 774 forma,
454 727 512 764 non
525 719 623 776 aetate,
638 727 696 791 non
708 707 814 784 opibus
830 707 966 765 maritum
982 708 1135 766 invenerit.

184 800 284 859 Nemo
296 801 377 860 enim
388 802 448 862 illic
459 803 530 860 vitia
540 802 630 874 ridet;
654 823 709 861 nec
731 824 921 882 corrumpere
942 819 973 864 et
984 808 1135 885 corrumpi

182 899 325 955 saeculum
340 911 473 957 vocatur.
515 899 625 956 Melius
639 898 760 976 quidem
777 898 873 956 adhuc
887 919 932 958 eae
947 900 1090 968 civitates,
1105 900 1134 956 in

119 1055 124 1058 ,
182 990 290 1068 quibus
305 1005 420 1050 tantum
431 992 561 1070 virgines
573 994 696 1060 nubunt,
708 1005 738 1050 et
752 1013 820 1051 cum
832 1014 884 1071 spe
895 1007 1021 1069 votoque
1034 994 1135 1051 uxoris

180 1089 274 1144 semel
284 1088 465 1164 transigitur.
500 1087 550 1145 Sic
560 1108 650 1145 unum
662 1088 810 1168 accipiunt
822 1089 969 1157 maritum,
977 1110 1036 1165 quo
1046 1090 1135 1147 modo

182 1201 274 1239 unum
297 1202 406 1260 corpus
427 1202 576 1260 unamque
592 1182 691 1250 vitam,
707 1204 744 1240 ne
762 1184 824 1242 ulla
841 1183 979 1262 cogitatio
996 1186 1081 1252 ultra,
1096 1205 1134 1243 ne

183 1276 301 1353 longior
324 1276 480 1354 cupiditas,
501 1297 540 1334 ne
564 1290 715 1354 tamquam
739 1279 888 1346 moritum,
910 1277 963 1337 sed
985 1293 1135 1355 tamquam

183 1372 414 1440 matrimonium,
436 1386 544 1431 ament.
594 1373 761 1432 Numerum
784 1374 947 1432 liberorum
969 1373 1064 1443 finire,
1087 1391 1137 1431 aut

182 1487 362 1545 quemquam
374 1489 410 1525 ex
423 1468 537 1546 agnatis
552 1489 670 1538 necare,
683 1468 828 1546 flagitium
840 1470 987 1528 habetur:
1009 1471 1136 1549 plusque

88 1638 106 1643 -
154 1638 158 1644 ‚
174 1562 222 1651 ibi
237 1563 306 1621 boni
319 1584 418 1622 mores
432 1566 539 1634 valent,
553 1585 643 1641 quam
659 1565 728 1623 alibi
743 1566 827 1624 bonae
842 1568 936 1644 leges.

105 1642 194 1731 ff
219 1659 290 1718 XX.
312 1660 349 1717 In
371 1661 452 1719 omni
472 1661 562 1720 domo
584 1661 657 1719 nudi
679 1681 714 1720 ac
736 1661 856 1731 sordidi,
871 1661 902 1719 in
923 1663 977 1720 hos
1000 1675 1090 1733 artus,
1104 1662 1135 1720 in

179 1755 244 1812 haec
261 1776 398 1835 corpora,
416 1775 483 1835 quae
501 1757 652 1828 miramur,
669 1771 854 1817 excrescunt.
901 1759 963 1816 Sua
983 1778 1161 1837 quemque·

181 1860 275 1904 mater
287 1849 429 1907 uberibus
443 1849 505 1918 alit,
519 1871 575 1909 nec
590 1851 704 1909 ancillis
719 1871 754 1909 ac
767 1851 933 1910 nutricibus
949 1852 1135 1931 delegantur.

180 1942 344 2002 Dominum
361 1965 395 2003 ac
410 1965 527 2003 servum
541 1947 629 2005 nullis
643 1947 825 2006 educationis
839 1947 953 2006 deliciis
968 1948 1134 2027 dignoscas.

179 2039 261 2098 Inter
275 2040 380 2100 eadem
397 2062 516 2119 pecora,
531 2041 562 2100 in
579 2041 685 2100 eadem
701 2043 792 2100 humo
809 2043 932 2121 degunt,
951 2044 1045 2102 donec
1062 2057 1134 2102 aetas

178 2149 299 2214 separet
312 2137 468 2213 ingenuos,
478 2137 571 2195 virtus
586 2151 733 2215 agnoscat.
774 2138 1001 2216 Serajuvenum
1012 2139 1133 2209 Venus3

180 2252 277 2308 eoque
301 2232 478 2291 inexhausta
498 2233 650 2310 pubertas.
702 2233 769 2291 Nec
790 2233 921 2311 virgines
942 2233 1133 2303 festinantur3

96 2403 99 2408 Ι
181 2325 287 2385 eadem
302 2328 436 2406 juventa,
451 2327 557 2387 similis
573 2328 743 2406 proceritas.
784 2327 879 2386 Pares
895 2327 1061 2405 validasque
1083 2328 1134 2386 mi·

180 2437 310 2492 scantur,
333 2444 368 2482 ac
389 2425 496 2484 robora
517 2437 675 2504 parentum
696 2424 782 2482 liberi
803 2423 944 2483 referunt.
991 2424 1135 2484 Sororum

179 2520 248 2578 filiis
258 2520 337 2578 idem
352 2520 431 2599 apud
441 2523 628 2590 avunculum,
640 2521 691 2598 qui
701 2519 781 2599 apud
791 2534 907 2598 patrem
917 2521 1019 2580 honor.
1057 2521 1132 2593 Qui-

104 2606 105 2609 ¹
179 2616 248 2674 dam
266 2617 445 2674 sanctiorem
463 2618 679 2694 arctioremque
693 2617 772 2674 hunc
789 2637 900 2679 nexum
917 2616 1070 2694 sanguinis
1089 2637 1133 2674 ar·

179 2711 331 2781 bitrantur,
342 2725 372 2770 et
385 2712 416 2770 in
431 2712 611 2790 accipiendis
624 2712 775 2778 obsidibus
791 2711 885 2790 magis
900 2712 1039 2790 exigunt3
1061 2726 1133 2770 tam-

179 2828 268 2885 quam
291 2809 312 2865 ii
334 2822 365 2866 et
389 2809 519 2866 animum
543 2808 664 2876 licinius,
687 2821 718 2870 et
738 2807 865 2865 domum
889 2808 978 2865 latius
1003 2820 1133 2865 teneant.

179 2903 318 2960 Heredes
332 2917 432 2961 tamen
448 2925 694 2981 successoresque
712 2903 758 2961 sui
774 2902 883 2981 cuique
897 2902 1003 2972 liberi3
1022 2915 1052 2961 et
1069 2904 1132 2959 nul·

178 2999 239 3055 lum
252 3010 469 3059 testamentum.
510 2998 544 3058 Si
554 2999 640 3056 liberi
651 3019 710 3055 non
721 3011 797 3068 sunt,
810 2997 967 3076 proximus
982 2996 1092 3074 gradus
1103 2997 1132 3053 in

179 3092 365 3174 possessione
374 3093 491 3162 fratres,
500 3095 608 3170 patr-ui,
618 3094 763 3151 avunculi.
799 3092 922 3164 Quanto
935 3094 1003 3171 plus
1014 3090 1133 3168 propin-

180 3207 316 3265 quorum,
341 3207 401 3269 quo
423 3189 520 3264 major
543 3187 672 3244 affinium
696 3208 846 3256 numerus,
872 3199 954 3244 tanto
978 3186 1134 3263 gratiosior

179 3295 327 3352 senectae,
340 3301 397 3343 neo
410 3282 472 3340 ulla
490 3281 620 3338 orbitatis
633 3281 737 3357 pretia.

218 3379 308 3447 XXI.
329 3377 490 3458 ¹Suscipere
504 3390 563 3443 tam
577 3375 754 3446 inimicitias,
766 3396 820 3434 seu
831 3376 933 3455 patris,
947 3398 1000 3436 seu
1014 3377 1132 3456 propin·

180 3477 240 3553 qui,
250 3496 339 3553 quam
349 3474 504 3545 amicitias,
513 3492 638 3531 necesse
647 3483 700 3531 est.
739 3472 1131 3552 Necinplacabilesdurant.

181 3562 290 3631 Luitur
304 3571 384 3630 enim
399 3570 489 3637 etiarn
503 3568 699 3632 homicidium
714 3582 797 3627 certo
812 3583 1013 3628 armentorum
1028 3590 1063 3628 ac
1081 3589 1134 3648 pe·

181 3688 282 3726 corum
296 3687 429 3735 numero,
440 3666 606 3745 recipitque
620 3665 850 3725 satisfactionem
861 3666 999 3725 universa
1010 3666 1132 3726 domust

88 3810 89 3815 η
179 3765 292 3824 utiliter
311 3765 341 3823 in
362 3765 534 3844 publicumq
555 3763 626 3843 quia
638 3762 867 3843 periculosiores
881 3775 948 3830 sunt
969 3761 1133 3825 inimicitia
