2394 4328
116 325 157 381 32
400 342 426 380 c.
450 339 624 379 coenamus
648 338 791 378 racrrns,

115 469 146 527 Is
160 470 282 528 missum
300 469 337 527 ad
351 469 484 528 delectus
499 469 628 546 agendos
643 469 826 545 Agricolam,
841 469 1018 545 integreque
1033 491 1067 528 ac

115 578 233 623 strenue
244 579 402 635 versatum,
414 565 562 623 vicesimae
574 564 695 642 legioni,
705 564 790 621 tarde
803 563 840 621 ad
852 579 1066 622 sacramentum

115 673 316 739 transgressae,
330 660 502 739 praeposuit,
517 660 569 717 ubi
584 646 724 717 decessor
737 659 879 716 seditiose
897 680 988 735 agere
1003 681 1066 716 nar-

114 757 250 827 rabatur3
281 757 393 834 quippe
414 756 523 833 legatis
546 775 663 832 quoque
688 754 892 811 consularibus
916 755 1007 819 nimia
1033 776 1067 811 ac

114 851 307 909 formidolosa
324 865 405 921 erat3
430 872 486 909 nec
502 853 617 927 legatus
634 850 792 928 praetorius
814 849 852 906 ad
868 850 1066 907 cohibendum

116 960 229 1023 potens,
244 948 400 1016 incertum,
418 966 473 1003 suo
491 965 527 1002 an
549 945 677 1002 militurn
694 944 831 1021 ingenio:
853 944 895 1001 ita
913 964 1067 1001 successor

116 1041 212 1109 simul,
222 1054 252 1099 et
263 1044 340 1100 ultor
350 1044 472 1109 electus,
484 1040 632 1097 rarissima
641 1039 847 1097 moderatione
859 1040 961 1096 maluit
971 1040 1067 1096 videri

115 1133 264 1192 invenisse
278 1136 382 1203 bonos,
399 1153 490 1210 quam
502 1132 617 1215 fecisse.

155 1228 245 1286 VIII.
267 1229 402 1286 Praeerat
422 1240 493 1286 tunc
510 1227 673 1286 Britanniae
687 1227 808 1285 Vettius
823 1228 963 1296 Bolanus,
977 1228 1067 1304 placi-

37 1310 41 1317 *
116 1323 192 1393 dius,
204 1345 293 1401 quam
303 1324 398 1382 feroci
408 1324 560 1401 provincia
570 1322 694 1400 dignum
709 1335 770 1381 est:
793 1323 971 1401 temperavit
980 1322 1056 1399 Agri

116 1421 183 1477 cola
201 1420 260 1478 vim
282 1440 377 1489 suam,
394 1419 590 1497 ardoremque
615 1418 804 1496 compescuit,
820 1438 858 1474 ne
880 1418 1068 1487 incresceret,

115 1512 229 1589 peritus
238 1512 569 1588 obsequi,eruditusque
578 1511 802 1569 utiliahonestis
812 1510 946 1568 miscere.
977 1509 1069 1567 Brevi

15 1632 18 1637 ·
116 1603 225 1661 deinde
240 1604 395 1661 Britannia
411 1605 596 1663 consularem
614 1605 756 1663 Petilium
774 1604 924 1662 Cerialem
944 1603 1069 1680 accepit.

116 1697 297 1755 Habuerunt
316 1699 439 1757 virtutes
465 1698 594 1776 spatium
620 1700 837 1777 exemplorum.
890 1698 953 1756 Sed
973 1698 1071 1776 primo

117 1792 245 1851 Cerialis
259 1791 348 1850 modo
358 1795 476 1852 labores
491 1807 521 1852 et
533 1794 713 1864 discrimina,
722 1815 793 1852 mox
808 1808 838 1853 et
852 1795 977 1872 gloriam
991 1813 1069 1852 corn-

116 1888 306 1947 municabat:
330 1908 410 1966 saepe
431 1889 509 1968 parti
529 1889 679 1947 exercitus
701 1890 729 1946 in
750 1890 1001 1967 experimentum,
1019 1889 1070 1946 ali-

117 1982 237 2059 quando
258 1983 420 2061 majoribus
441 1984 534 2062 copiis
555 2002 595 2042 ex
615 1997 723 2042 eventu
740 1984 892 2062 praefecit:
913 2004 968 2041 nec
983 1983 1072 2061 Agri-

118 2079 183 2135 cola
197 2098 338 2155 umquam
351 2078 382 2135 in
396 2099 480 2137 suam
493 2080 602 2137 famam
617 2079 707 2156 gestis
722 2080 898 2149 exsultavit;
920 2079 960 2137 ad
973 2092 1071 2137 aucto-

118 2191 183 2231 rem
194 2173 350 2244 etducem,
359 2187 392 2231 ut
401 2174 546 2244 minister,
555 2174 869 2232 fortunamreferebat.
904 2174 1071 2233 Itavirtute

118 2267 149 2326 in
162 2270 364 2347 obsequendo,
375 2271 554 2329 verecundia
566 2271 597 2327 in
607 2269 808 2349 praedicando,
820 2282 905 2327 extra
917 2265 1070 2335 invidiam.

118 2381 173 2419 nec
189 2375 274 2419 extra
288 2363 413 2440 gloriam
426 2376 498 2439 erat.

159 2454 215 2512 IX.
240 2456 453 2515 Revertentem
472 2458 510 2515 ab
526 2457 675 2535 legatione
692 2457 818 2535 legionis
835 2457 919 2516 dirus
932 2457 1072 2535 Vespasi-

120 2568 193 2607 anus
211 2548 289 2607 inter
306 2551 445 2627 patricios
467 2552 599 2621 adscivit,
617 2573 652 2611 ac
672 2553 780 2612 deinde
801 2552 960 2632 provinciae
978 2554 1070 2631 Aqui·

119 2642 208 2701 taniae
233 2645 401 2722 praeposuit,
426 2646 591 2724 splendidae
616 2647 647 2704 in
671 2648 774 2726 primis
798 2647 959 2726 dignitatis,
982 2647 1073 2705 admi·

119 2737 291 2796 nistratione
314 2759 348 2796 ac
371 2759 426 2817 spe
439 2736 625 2812 consulatus,
648 2742 696 2800 cui
718 2742 888 2801 destinarat.
938 2743 1072 2800 Credunt

119 2832 264 2914 plerique,
281 2833 456 2892 militaribus
481 2835 607 2914 ingeniis
633 2837 827 2896 subtilitatem
849 2838 973 2908 deesse;
1003 2837 1073 2914 quia

120 2928 278 2988 castrensis
296 2928 465 3007 jurisdictio
488 2951 594 2990 secura
616 2945 647 2990 et
669 2933 809 3003 obtusior,
827 2953 861 2991 ac
879 2933 967 3011 plura
984 2952 1073 2990 manu

121 3044 221 3102 agens,
241 3024 432 3084 calliditatem
448 3026 505 3084 fori
522 3047 581 3085 non
598 3040 747 3087 exerceat.
786 3028 930 3105 Agricola
946 3028 1072 3088 naturali

120 3120 285 3199 prudentia,
301 3121 433 3198 quamvis
453 3122 532 3180 inter
551 3135 674 3201 togatos,
689 3122 777 3182 facile
793 3124 933 3201 justeque
957 3125 1072 3202 agebat.

121 3216 143 3273 J
144 3236 192 3273 am
202 3237 276 3275 vero
289 3229 424 3295 tempora
437 3238 574 3289 curarum
587 3218 859 3296 remissionumque
870 3218 974 3277 divisa.
1010 3217 1073 3276 Ubi

122 3328 283 3373 conventus
301 3336 336 3374 ac
351 3314 467 3393 judicia
483 3328 651 3394 poscerent,
665 3314 772 3392 gravis,
787 3314 927 3385 intentus,
942 3332 1073 3379 severus,

122 3421 152 3464 et
171 3408 280 3486 saepius
300 3409 486 3469 misericors:
507 3410 558 3468 ubi
575 3407 672 3467 officio
690 3406 880 3478 satisfactum,
894 3410 977 3467 nulla
998 3410 1075 3467 ultra

123 3506 278 3581 potcstatis
288 3526 430 3589 persona:
453 3505 600 3564 tristitiam
615 3516 644 3562 et
659 3503 859 3578 arrogantiam
873 3516 905 3561 et
919 3504 1074 3561 avaritiam

125 3612 266 3658 exuerat:
285 3622 342 3660 nec
358 3601 412 3671 illi,
431 3600 510 3678 quod
527 3611 571 3658 est
586 3596 777 3667 rarissimum,
797 3610 847 3656 aut
863 3598 989 3657 facilitas
1005 3618 1074 3655 auc-

125 3694 283 3765 toritatem,
302 3709 352 3754 aut
365 3696 507 3755 severitas
525 3712 654 3752 amorem
670 3689 825 3751 deminuit.
866 3691 1074 3769 Integritatem
