2394 4328
162 354 204 414 50
241 417 245 423 ,
447 367 475 409 o.
495 366 669 409 corruamus
692 367 836 408 ruamus.

160 500 252 560 moris
270 511 345 573 erat,
358 496 453 556 fronte
469 498 564 566 laetus,
579 509 700 577 pectore
722 497 825 556 anxius
846 500 976 578 excepit.
1017 502 1119 564 Inerat

161 595 348 665 conscientia,
365 593 478 655 derisui
494 592 588 652 fuisse
609 613 707 671 nuper
722 593 829 652 falsum
850 614 868 652 e
886 595 1051 656 Germania
1067 600 1119 657 tri-

42 694 67 729 '=
113 726 124 745 ..
160 693 314 770 umphum,
335 692 423 751 emtis
444 709 500 768 per
510 687 697 758 commercia,
708 709 837 766 quorum
847 689 966 750 habitus
980 706 1011 751 et
1020 694 1118 754 crines

88 796 91 803 '
159 785 189 844 in
204 785 387 864 captivorum
401 785 533 863 speciem
545 783 759 844 formarentur:
781 797 811 844 at
823 804 904 845 nunc
917 807 1020 846 veram
1034 809 1116 869 mag·

161 903 288 959 namque
298 881 459 950 victoriam,
471 892 516 939 tot
524 880 656 938 millibus
668 880 799 939 hostium
811 881 905 951 cresis,
916 882 1027 960 ingenti
1038 885 1117 943 fama

160 977 316 1035 celebrari.
357 976 394 1034 Id
408 976 467 1035 sibi
480 975 611 1033 maxime
622 973 857 1044 formidolosum,
866 977 974 1054 privati
987 979 1116 1038 hominis

159 1091 270 1130 nomen
280 1091 371 1152 supra
380 1069 520 1149 principis
531 1069 640 1128 attolli:
658 1069 768 1128 frustra
777 1070 875 1130 studia
882 1071 937 1129 fori
946 1084 976 1131 et
985 1073 1115 1133 civilium

160 1167 266 1225 artium
280 1166 373 1225 decus
389 1165 420 1222 in
433 1163 584 1224 silentium
599 1177 672 1234 acta,
686 1163 712 1222 si
726 1164 885 1224 militarem
899 1167 1025 1245 gloriam
1040 1170 1116 1228 alius

159 1273 337 1340 occuparatz
359 1273 390 1319 et
407 1272 507 1319 cetera
523 1271 674 1336 utcunque
690 1259 806 1319 facilius
824 1260 1012 1331 dissimulari,
1030 1263 1115 1321 ducis

158 1357 228 1415 boni
238 1355 462 1437 imperatoriam
469 1355 610 1413 virtutem
621 1373 696 1412 esse.
728 1354 853 1414 Talibus
863 1356 943 1415 curis
953 1357 1114 1429 exercitu,

158 1451 299 1529 quodque
325 1471 411 1510 saevae
439 1449 625 1528 cogitationis
651 1449 792 1508 indicium
819 1464 892 1520 erat,
917 1464 1034 1511 secreto
1059 1474 1115 1512 suo

157 1547 291 1616 satiatus,
309 1545 454 1624 optimum
474 1543 503 1601 in
524 1544 686 1621 praesentia
706 1545 807 1602 statuit
832 1566 980 1624 reponere
1002 1547 1115 1619 odium,

158 1639 254 1698 donec
267 1639 396 1718 impetus
407 1639 495 1696 famer
509 1650 540 1697 et
549 1638 634 1697 favor
647 1639 796 1697 exercitus
804 1640 1028 1718 languesceret:
1045 1663 1114 1701 nam

158 1733 249 1793 etiam
262 1747 326 1792 tum
340 1733 485 1812 Agricola
498 1733 683 1792 Britanniam
698 1733 860 1795 obtinebat.

197 1829 267 1888 XL.
291 1829 389 1907 Igitur
409 1829 603 1905 triumphalia
625 1840 795 1889 momenta
817 1841 844 1888 et
864 1831 990 1890 illustris
1010 1844 1114 1893 statue

156 1924 290 1983 marren
306 1935 332 1982 et
349 1923 494 2001 quidquid
504 1944 563 2000 pro
578 1924 942 2000 triumphantemne
954 1929 1114 1988 verborum

156 2019 271 2079 honore
281 2017 566 2089 cumulatadecemi
575 2018 604 2075 in
613 2031 718 2078 senatu
723 2019 827 2097 jubet:
843 2019 1115 2101 additqueinsuper

158 2114 341 2194 opinionem,
350 2113 467 2192 Syriam
476 2112 659 2192 provinciam
668 2112 820 2192 Agricolae
829 2113 979 2186 destinari,
987 2136 1114 2177 vacuam

157 2223 220 2269 tum
231 2226 325 2270 morte
335 2210 423 2268 Atilii
431 2210 512 2281 Rufi,
521 2208 692 2279 consularis,
702 2222 734 2268 et
747 2210 911 2288 majoribus
921 2226 1113 2272 reservatam.

158 2306 324 2366 Credidere
340 2307 486 2386 plerique,
499 2306 641 2364 libertum
656 2324 696 2363 ex
712 2304 923 2365 secretioribus
939 2306 1113 2366 ministeriis

157 2400 281 2460 missum
296 2401 334 2461 ad
343 2403 526 2481 Agricolam,
540 2400 703 2470 codicillos,
714 2400 821 2477 quibus
836 2400 866 2459 ei
879 2400 968 2478 Syria
979 2401 1113 2473 dabatur,

156 2496 270 2569 tulisse,
286 2518 355 2557 cum
371 2510 535 2577 praecepto,
548 2508 589 2565 ut,
603 2495 629 2555 si
646 2495 677 2554 in
690 2495 847 2554 Britannia
862 2495 948 2565 foret,
962 2497 1113 2557 traderen-

156 2605 221 2664 tur;
243 2614 372 2672 eumque
388 2593 529 2652 libertum
546 2592 578 2650 in
593 2591 750 2676 ipso-freto
767 2592 871 2651 oceani
889 2591 1009 2651 obvium
1022 2593 1113 2671 Agri·

157 2691 240 2759 oolae,
255 2709 295 2747 ne
310 2689 458 2768 appellato
472 2687 596 2765 quidem
610 2706 658 2755 eo,
673 2685 712 2744 ad
726 2685 933 2745 Domitianum
945 2706 1111 2759 remeass03

156 2783 220 2842 sive
234 2804 338 2843 rerum
350 2783 439 2853 istud,
454 2783 517 2843 sive
531 2803 570 2842 ex
583 2780 705 2860 ingenio
717 2781 862 2860 principis
873 2781 974 2840 fictum
988 2802 1023 2840 ac
1033 2804 1112 2841 com-

157 2880 286 2960 positum
300 2892 353 2938 est.
395 2878 575 2937 Tradiderat
588 2877 709 2936 interim
725 2877 868 2954 Agricola
880 2877 1044 2936 successori
1058 2899 1114 2937 suo

155 2975 338 3054 provinciam
352 2974 484 3051 quietam
497 2986 662 3051 tutamque.
702 2974 760 3043 Ac,
774 2993 812 3031 ne
829 2972 971 3032 notabilis
985 2974 1111 3032 celebri-

156 3083 218 3129 tate
245 3082 276 3128 et
298 3068 470 3147 frequentia
498 3069 719 3127 occurrentium
745 3067 884 3127 introitus
907 3081 996 3138 asset,
1018 3069 1112 3128 vitato

157 3165 321 3225 amicorum
337 3165 445 3237 officio,
459 3177 549 3223 noctu
565 3164 597 3222 in
614 3165 730 3234 urbem,
744 3176 837 3222 noctu
854 3162 886 3221 in
901 3163 1056 3243 palatium,
1071 3165 1112 3223 ita

156 3273 190 3319 ut
208 3274 393 3341 praeceptum
415 3273 487 3332 erat,
498 3259 595 3319 venit:
617 3272 827 3339 exceptusque
846 3259 932 3317 brevi
956 3259 1066 3328 osculo,
1080 3271 1111 3317 et

156 3357 237 3414 nullo
247 3376 395 3427 sermone,
403 3357 498 3415 turbae
509 3355 698 3414 servientium
708 3352 862 3412 immixtus
873 3365 925 3412 est.
957 3354 1111 3423 Ceterum,

156 3463 189 3507 ut
211 3451 339 3511 militare
362 3472 482 3522 nomen,
507 3472 598 3530 grave
622 3449 700 3508 inter
718 3447 836 3518 otioma,
860 3448 927 3506 aliis
950 3447 1110 3506 virtutibus

157 3556 348 3625 temperaret,
371 3546 614 3626 tranquillitatem
638 3557 726 3621 atque
753 3541 849 3600 otium
872 3544 990 3621 penitus
1018 3543 1110 3612 auxit,
1190 3615 1192 3622 Ι

156 3630 237 3700 cultu
253 3642 399 3712 modicus,
415 3662 555 3702 sermone
570 3639 675 3709 facilis,
689 3658 749 3697 uno
766 3649 816 3695 aut
832 3639 924 3696 altero
945 3635 1111 3696 amicorum

156 3736 331 3797 comitatust
360 3737 438 3798 adeo
458 3751 493 3798 ut
515 3735 663 3818 plerique,
679 3732 790 3811 quibus
811 3751 936 3812 magnos
956 3729 1034 3789 viros
1054 3750 1109 3812 per
