2394 4328
322 398 486 441 ismeone
509 398 709 441 vnn-cnr.
731 399 841 441 v.-v11.
1035 388 1073 445 al

123 529 248 607 juveni:
269 529 447 606 intravitque
469 529 601 587 animum
618 530 754 588 militaris
774 530 877 608 gloriae
897 531 1015 608 cupido,
1034 533 1075 590 in.

123 639 208 704 grata
219 627 412 706 temporibus,
423 626 529 704 quibus
540 626 658 686 sinistra
667 647 740 704 erga
754 627 920 685 eminentes
929 627 1074 705 interpre-

121 723 204 792 tatio,
216 743 271 780 nec
282 722 379 780 minus
389 722 558 800 periculum
568 743 609 781 ex
618 742 727 800 magna
736 723 825 791 fama,
836 743 926 799 qnam
938 742 976 781 ex
987 726 1075 783 mala.

160 817 216 875 VI.
245 817 328 875 Hinc
353 817 390 876 ad
415 817 611 895 capessendos
632 818 822 895 magistratus
846 818 876 875 in
900 820 1006 876 urbem
1030 818 1073 876 di-

120 911 633 988 gressus,D0mitiamDecidianam,
642 912 807 989 splendidis
815 913 962 971 natalibus
970 925 1100 989 ortam„4

119 1005 176 1062 sibi
187 1007 308 1084 junxit:
328 1007 420 1083 idque
439 1006 660 1063 matrimonium
677 1007 716 1064 ad
732 1008 846 1085 majora
861 1008 967 1066 nitenti
981 990 1078 1066 decus¹

120 1120 155 1158 ac
168 1103 261 1159 robur
278 1102 352 1160 fuit:
373 1102 572 1177 vixeruntque
589 1101 665 1159 mira
681 1103 846 1172 concordia,
863 1124 919 1181 per
939 1118 1073 1163 mutuam

120 1198 274 1255 caritatem
291 1210 322 1254 et
337 1197 467 1254 invicem
485 1217 517 1254 se
536 1196 759 1274 anteponend03
781 1198 837 1255 nisi
856 1199 932 1275 quod
950 1200 981 1255 in
995 1201 1074 1257 bona

120 1313 215 1351 uxore
236 1306 318 1350 tanto
340 1293 435 1371 major
454 1294 529 1362 laus,
545 1305 653 1369 quanto
669 1293 700 1349 in
721 1295 802 1351 mala
817 1295 885 1371 plus
906 1296 1000 1371 culpae
1022 1306 1074 1352 est.

122 1388 194 1446 Sors
215 1400 371 1464 quaesturae
388 1388 570 1466 provinciam
584 1387 699 1458 Asiam,
716 1390 924 1466 proconsulem
942 1389 1074 1445 Salvium

122 1481 272 1541 Titianum
297 1482 398 1540 dedit:
425 1504 553 1560 quorum
577 1496 683 1540 neutro
707 1496 863 1561 corruptus
885 1495 946 1552 est;
973 1502 1074 1560 quam-

121 1598 209 1654 quam
232 1591 263 1635 et
284 1577 437 1656 provincia
458 1578 542 1636 dives
566 1599 600 1636 ac
620 1591 724 1656 parata
739 1578 945 1656 peccantibus,
960 1589 991 1636 et
1006 1597 1075 1655 pro·

120 1674 221 1731 consul
237 1672 268 1730 in
283 1692 401 1731 omnem
416 1672 590 1731 aviditatem
603 1694 721 1751 pronun,
736 1673 920 1751 quantalibet
932 1673 1073 1731 facilitate

119 1768 308 1827 redemturus
322 1781 402 1827 esset
416 1783 550 1828 mutuam
566 1769 832 1827 dissimulationem
844 1769 925 1827 mali.
956 1769 1074 1826 Auctus

120 1875 165 1920 est
181 1863 222 1921 ibi
235 1864 305 1933 filia,
319 1865 350 1921 in
373 1864 536 1923 subsidium
559 1878 589 1923 et
610 1864 749 1923 solatium
766 1863 872 1923 simul:
893 1884 963 1921 nam
979 1862 1074 1921 filium

120 1973 187 2016 ante
210 1960 361 2019 sublatum
378 1960 461 2018 brevi
484 1960 589 2019 amisit.
635 1960 711 2018 Mox
733 1960 812 2018 inter
833 1973 1016 2036 quaesturam
1039 1978 1074 2016 ac

119 2053 303 2113 tribunatum
321 2054 417 2133 plebis
440 2068 528 2133 atque
544 2055 644 2133 ipsum
667 2056 755 2113 etiam
778 2055 943 2112 tribunatus
964 2074 1073 2111 annum

120 2150 221 2226 quiete
229 2163 267 2207 ,et
280 2150 342 2208 otio
356 2150 479 2219 transiit,
491 2170 602 2227 gnarus
617 2151 672 2208 sub
682 2150 807 2206 Nerone
816 2162 998 2226 temporum,
1009 2148 1073 2224 qui-

119 2245 175 2301 bus
195 2244 301 2301 inertia
323 2264 376 2321 pro
400 2244 547 2322 sapientia
566 2242 635 2311 fuit,
672 2242 758 2300 Idem
778 2255 915 2321 praeturae
936 2255 1024 2299 tenor
1044 2255 1075 2300 et

120 2337 287 2397 silentium:
308 2359 365 2397 nec
380 2339 459 2397 enim
471 2338 642 2416 jurisdictio
657 2339 826 2397 obvenerat.
869 2338 973 2395 Ludos
988 2351 1018 2396 et
1032 2338 1073 2395 in·

121 2433 188 2491 ania
209 2434 329 2492 honoris
350 2434 578 2493 moderationis
599 2447 688 2511 atque
710 2433 897 2493 abundantiae
918 2432 1013 2505 duxit,
1030 2434 1074 2493 uti

119 2527 208 2605 longe
223 2548 241 2585 a
254 2529 384 2599 luxuria,
396 2529 437 2587 ita
450 2530 538 2588 famae
552 2528 683 2608 propior.
726 2528 804 2587 Tum
819 2530 932 2587 electus
947 2530 1073 2588 aGalba

116 2621 157 2679 ud
168 2622 246 2681 dona
255 2626 438 2703 templorum
450 2623 702 2703 recognoscenda,
714 2622 941 2702 diligentissima
955 2624 1073 2701 conqui-

35 2736 39 2747 ·
119 2716 224 2775 sitione
234 2718 314 2790 fecit,
326 2740 364 2778 ne
376 2721 460 2798 cnjus
471 2720 591 2778 alterius
601 2718 792 2797 sacrilegium
802 2719 972 2797 respublica
982 2740 1072 2796 quam

120 2811 251 2871 Neronis
267 2815 416 2873 sensisset.

157 2907 231 2966 VII.
252 2909 387 2987 Sequens
402 2932 496 2969 annus
510 2910 592 2989 gravi
605 2912 732 2969 vulnere
747 2909 878 2968 animum
892 2908 1072 2984 domumque

119 3002 184 3080 ejus
205 3002 325 3063 afflixit:
349 3025 419 3062 nam
439 3005 540 3065 classis
560 3005 736 3075 Othoniana,
753 3006 881 3063 licenter
897 3022 983 3080 vaga,
1001 2990 1072 3059 dum

119 3097 291 3155 Intemelios
303 3098 449 3177 (Liguriae
459 3120 530 3178 pars
540 3101 596 3176 est)
608 3101 757 3159 hostiliter
766 3100 936 3178 populatur,
947 3108 1071 3153 matrem

118 3192 270 3271 Agricolae
292 3192 324 3249 in
345 3192 467 3271 praediis
488 3194 550 3251 suis
570 3194 736 3265 interfecit3
760 3192 936 3271 praediaque
954 3191 1020 3267 ipsa
1042 3202 1073 3248 et

117 3308 256 3366 magnam
283 3287 455 3373 patrimonii
478 3300 595 3365 partem
618 3288 749 3365 diripuit,
771 3304 837 3364 quae
865 3306 955 3343 causa
981 3284 1092 3351 caedis,

118 3382 225 3442 fuerat.
270 3382 368 3461 Igitur
387 3381 425 3440 ad
451 3380 586 3440 solennia
610 3382 730 3461 pietatis
751 3380 900 3460 profectus
920 3380 1070 3459 Agricola,

117 3480 225 3539 nuntio
249 3479 377 3539 affectati
400 3499 418 3538 a
437 3478 628 3558 Vespasiano
651 3476 770 3556 imperii
800 3476 1011 3555 deprehensus,
1035 3496 1070 3535 ac

118 3575 220 3634 statim
242 3575 274 3634 in
291 3588 390 3654 partes
412 3588 611 3653 transgressus
633 3586 687 3632 est.
728 3572 817 3631 Initia
831 3572 1013 3651 principatus
1034 3593 1069 3631 ac

117 3682 228 3731 statum
243 3671 325 3731 urbis
342 3670 498 3730 Mucianus
517 3670 649 3748 regebat,
665 3668 824 3735 admodum
841 3668 952 3746 juvene
967 3667 1059 3726 Domi

118 3756 255 3837 duisme
271 3786 312 3825 ex
329 3778 454 3845 paterna
470 3766 587 3824 fortuna
603 3776 718 3824 tantum
734 3762 884 3823 licentiam
900 3774 1070 3841 usurpante.
