2394 4328
291 393 453 436 AGRICOLAE
470 393 668 434 Vtra-car.
686 393 878 436 xxm-XXV.
1019 380 1058 437 41

110 534 206 581 sumta
214 546 222 594 ;
245 542 287 592 ac,
299 523 324 580 si
335 523 426 582 virtus
441 522 626 582 exercituum
641 536 671 582 et
681 524 809 582 Romani
822 523 953 582 nominis
967 524 1063 601 gloria

109 630 271 695 pateretur,
295 618 429 675 inventus
454 618 483 674 in
508 618 572 696 ipsa
597 619 752 676 Britannia
775 620 927 676 terminus.
979 620 1061 677 Nam

110 713 198 770 Clota
220 725 250 770 et
267 712 416 785 Bodotria,
434 712 544 770 diversi
564 713 651 770 maris
673 713 792 771 aestibus
808 734 863 791 per
883 714 1058 772 immensum

108 819 243 874 revectae,
261 819 384 883 angusto
404 819 551 865 terrarum
572 807 668 884 spatio
685 808 880 867 dirimuntur:
901 810 980 886 quod
997 823 1059 869 tum
1107 823 1110 829 '

109 903 254 979 praesidiis
264 903 449 962 firmabatur:
468 915 556 979 atque
567 902 663 960 omnis
671 904 793 981 propior
802 904 884 962 sinus
894 905 1060 976 tenebatur,

109 997 262 1055 summotis
276 997 360 1055 velut
373 997 403 1053 in
417 997 506 1054 aliam
520 997 647 1053 insulam
660 997 803 1056 hostibus.

147 1093 266 1151 XXIV.
287 1092 403 1163 Quinto
420 1091 645 1169 expeditionum
666 1111 742 1148 anno
761 1112 836 1149 nave
853 1094 949 1169 prima
968 1106 1061 1152 trans·

109 1209 240 1265 gressus,
260 1188 376 1263 ignotas
401 1184 488 1242 adid
508 1198 627 1262 tempus
652 1196 756 1262 gentes
780 1186 893 1243 crebris
918 1188 1005 1245 simul
1026 1209 1061 1246 ac

109 1281 261 1359 prosperis
272 1280 385 1358 proeliis
396 1278 510 1336 domuit
520 1302 527 1337 ε
550 1299 675 1355 eamque
686 1292 802 1356 partem
813 1279 985 1349 Britanniae,
997 1302 1063 1357 quae

110 1375 290 1432 Hiberniam
305 1374 438 1451 adspicit,
454 1373 549 1451 copiis
562 1373 702 1431 instruxit
714 1373 745 1430 in
760 1394 845 1451 spem
859 1375 963 1451 magis,
975 1395 1064 1451 quam

109 1471 148 1527 ob
165 1469 374 1526 formidinem:
398 1468 545 1545 siquidem
562 1466 718 1537 Hibernia,
737 1468 836 1526 medio
853 1468 931 1525 inter
948 1469 1064 1527 Britan·

109 1564 189 1621 niam
204 1576 290 1639 atque
303 1561 482 1640 Hispaniam
496 1562 552 1620 sita
566 1575 595 1619 et
606 1562 722 1620 Gallico
735 1583 854 1639 qnoque
868 1562 942 1620 mari
957 1582 1060 1640 oppor·
1112 1602 1115 1607 -

110 1671 188 1728 tuna,
198 1659 428 1717 valentissimam
439 1659 557 1737 imperii
567 1673 681 1737 partem
696 1661 811 1738 magnis
821 1661 948 1720 invicem
960 1663 1063 1720 usibus

110 1754 268 1812 miscuerit.
319 1754 458 1833 Spatium
479 1755 553 1832 ejus,
571 1754 597 1812 si
613 1754 775 1814 Britanniae
797 1768 995 1834 comparetur,
1014 1777 1063 1815 an·
1086 1814 1092 1825 ,

110 1848 231 1925 gustins,
248 1849 343 1908 nostri
359 1849 450 1908 maris
471 1849 581 1908 insulas
601 1862 730 1927 superat.
771 1850 875 1908 Solum
892 1852 1064 1930 coelumqua

110 1955 141 2000 et
157 1942 277 2021 ingenia
293 1945 448 2020 cultusque
465 1943 618 2021 hominum
635 1943 715 2023 haud
732 1946 859 2001 multum
876 1964 893 2002 a
910 1945 1064 2005 Britannia
1109 1956 1128 1981 '⁹

111 2037 258 2096 differunt.
309 2038 421 2096 Melius
446 2037 541 2095 aditus
564 2042 727 2114 portusque
751 2058 806 2115 per
829 2040 1009 2099 commercia
1034 2053 1064 2099 et

111 2133 310 2209 negotiatores
333 2131 450 2208 cogniti.
497 2130 640 2207 Agricola
662 2133 822 2208 expulsum
844 2132 989 2190 seditione
1012 2134 1063 2191 do-

111 2226 235 2284 mestica
261 2245 355 2282 unum
379 2245 419 2282 ex
441 2224 553 2301 regulis
581 2225 679 2300 gentis
707 2239 878 2302 exceperat,
903 2246 938 2283 ac
966 2228 1066 2304 specie

112 2320 250 2378 amicitiae
271 2321 302 2377 in
323 2319 510 2378 occasionem
530 2318 685 2376 retinebat.
731 2318 819 2396 Saepe
840 2315 878 2376 ex
899 2339 936 2377 eo
957 2321 1066 2391 audivi,

112 2415 230 2493 legione
246 2435 306 2473 una
322 2428 353 2473 et
368 2413 491 2473 modicis
508 2413 627 2471 auxiliis
645 2413 790 2471 debellari
808 2414 993 2493 obtinerique
1009 2417 1065 2476 Hi·

111 2511 247 2568 berniam
267 2531 364 2588 posse.
406 2509 503 2586 quue
523 2509 614 2567 etiam
635 2507 774 2567 adversus
791 2510 977 2569 Britanniam
997 2532 1066 2590 pro·

111 2604 255 2673 futurum,
273 2603 298 2661 si
316 2604 452 2661 Romana
475 2601 585 2680 ubique
607 2621 697 2673 arma,
712 2614 742 2660 et
763 2604 845 2661 velut
864 2624 888 2663 e·
904 2618 1065 2684 conspectu

111 2698 231 2757 libertas
247 2701 409 2757 tolleretur.

151 2794 253 2852 XXV.
282 2794 425 2852 Ceterum
444 2804 556 2859 aestate,
576 2812 635 2868 qua
652 2792 878 2851 sextum‘officii
897 2813 1006 2851 annum
1024 2794 1066 2853 in·

113 2888 247 2964 choabat,
270 2889 426 2965 amplexus
447 2886 578 2944 civitates
599 2899 678 2944 trans
700 2885 876 2944 Bodotriam
896 2888 978 2956 sitas,
997 2889 1067 2964 quia

113 2995 212 3041 motus
220 2981 425 3040 uniuersarum
433 2982 512 3039 ultra
522 2980 654 3057 gentium
662 2992 694 3038 et
704 2980 811 3038 infesta
821 2980 920 3038 hostili
929 2981 1066 3039 exercitu

113 3077 221 3135 itinera
247 3075 437 3143 timebantur,
461 3087 563 3153 portus
591 3076 685 3133 classe
716 3074 900 3153 exploravit3
930 3094 1005 3150 quae‚
1030 3076 1067 3132 ab
1115 3071 1119 3077 ’

114 3171 258 3250 Agricola
276 3168 405 3247 primum
426 3181 555 3226 assumta
575 3168 606 3225 in
627 3181 742 3246 partem
758 3168 875 3235 virium,
890 3168 1069 3244 sequebatur

115 3266 239 3346 egregia
252 3262 364 3343 specie,
377 3281 445 3320 cum
455 3261 543 3319 simul
557 3273 637 3319 terra
651 3262 739 3318 simul
751 3262 826 3319 mari
838 3261 952 3319 bellum
965 3262 1068 3340 impel-

115 3365 236 3430 leretur,
249 3380 283 3419 ac
294 3377 376 3438 saepe
386 3355 493 3416 iisdem
504 3354 608 3412 castris
620 3354 714 3432 pedes
726 3374 879 3431 equesque
890 3368 920 3413 et
932 3357 1067 3417 nauticus

116 3458 213 3526 miles,
223 3455 310 3514 mixti
323 3452 417 3533 copiis
431 3464 462 3511 et
474 3449 587 3519 laetitia,
598 3469 653 3506 sua
665 3448 789 3525 quisque
800 3448 886 3519 facta,
897 3471 966 3509 suos
981 3472 1068 3512 casus

117 3554 297 3620 attollerent;
316 3570 351 3608 ac
363 3547 453 3607 modo
465 3545 606 3604 silvarum
617 3556 646 3602 ct
661 3542 805 3601 montium
815 3543 971 3621 profunda,
980 3546 1069 3607 modo

117 3658 329 3727 tempestatum
341 3664 376 3702 ac
386 3643 528 3701 fluctuum
540 3639 671 3708 adversa,
682 3639 751 3695 hinc
761 3651 840 3696 terra
849 3651 879 3696 et
889 3641 990 3711 hostis,
1001 3641 1070 3701 hinc

113 3742 213 3813 rictus
226 3758 356 3803 oceanus
368 3736 489 3796 militari
500 3735 646 3815 jactantia
662 3747 912 3813 compararentur.
951 3735 1068 3797 Britan·
