2394 4328
441 395 469 437 G·
493 394 668 438 CORNELIUS
690 394 825 436 'factrus

155 527 260 586 oceani
274 539 385 586 castum
401 545 516 597 nemus,
531 526 720 604 dicatumque
734 526 764 583 in
782 545 819 583 eo
833 524 1012 595 vehiculum,
1025 540 1112 585 veste

154 635 339 682 contectum:
359 623 504 701 attingere
520 623 572 680 uni
587 622 734 680 sacerdoti
744 642 927 680 concessum.
958 622 988 679 Is
1004 622 1111 680 adesse

152 720 297 797 penetrali
311 719 399 777 deam
413 719 561 797 intelligit,
575 731 752 797 vectamque
767 718 864 776 bubus
882 718 999 776 feminis
1016 720 1111 777 multa

132 873 134 877 ,
153 833 221 872 oum
234 815 425 874 veneratione
439 815 636 893 prosequitur.
679 814 759 873 Laeti
772 826 843 872 tunc
858 813 931 883 dies,
943 813 1018 871 festa
1031 815 1109 884 loca,

153 930 338 988 quaeounque
366 911 498 969 adventu
519 911 710 988 hospitioque
735 909 881 987 dignatur.
933 909 1003 967 Non
1029 909 1109 967 bella

151 1003 264 1074 ineunt,
275 1027 335 1063 non
350 1027 431 1063 arma
445 1019 582 1077 sumunt;
605 1007 738 1064 clausum
754 1025 842 1063 omne
852 1004 983 1062 ferrum:
1007 1025 1067 1082 pax
1079 1017 1109 1062 et

152 1100 235 1177 quies
252 1114 322 1159 tuuc
338 1113 449 1159 tantum
471 1114 549 1170 nota,
564 1114 635 1159 tuno
655 1112 769 1158 tantum
791 1114 896 1169 amata,
914 1100 1008 1157 donec
1025 1100 1107 1157 idem

152 1197 290 1255 sacerdos
311 1196 446 1256 satiatam
464 1197 684 1255 conversatione
702 1197 871 1254 mortalium
889 1195 975 1253 deam
993 1196 1107 1273 templo

150 1293 263 1351 reddat.
308 1294 384 1352 Mox
405 1294 575 1353 vehiculum
598 1307 628 1352 et
648 1307 754 1362 vestes,
773 1307 811 1364 et,
828 1295 854 1351 si
876 1294 1000 1352 credere
1021 1294 1105 1364 velis,

150 1408 261 1446 numen
282 1389 380 1468 ipsum
404 1404 518 1448 secreto
540 1392 607 1447 lacu
633 1390 770 1449 abluitur.
811 1390 897 1448 Servi
919 1389 1104 1460 ministrant;

150 1504 223 1561 quos
250 1485 347 1542 statim
373 1485 455 1542 idem
480 1486 564 1542 lacus
589 1484 696 1543 haurit.
750 1487 889 1543 Arcanus
912 1485 982 1542 hino
1009 1497 1106 1542 terror

148 1592 308 1655 sanctaque
325 1579 500 1657 ignorantia,
516 1579 588 1656 quid
604 1580 642 1637 sit
659 1580 731 1638 illud
749 1580 830 1658 quod
848 1592 961 1638 tanturn
978 1579 1104 1658 perituri

148 1672 257 1731 vident.

188 1768 275 1827 XLI.
304 1770 347 1828 Et
367 1770 431 1828 haec
457 1769 577 1847 quidem
600 1791 668 1849 pars
692 1771 858 1830 Suevorum
882 1770 913 1828 in
938 1770 1104 1829 secretiora

1 1882 52 1906 ⁷
149 1863 320 1924 Germaniae
333 1866 504 1944 porrigitur.
545 1866 675 1946 Propior
689 1867 744 1944 (ut,
756 1888 816 1945 quo
829 1867 919 1925 modo
934 1870 1023 1946 paulo
1035 1880 1104 1925 ante

149 1960 299 2030 Rhenum,
319 1961 363 2019 sic
383 1982 463 2020 nunc
484 1962 658 2021 Danubium
679 1963 798 2040 sequar)
822 1961 1103 2021 Hermundurorum

147 2055 260 2126 civitas,
281 2056 342 2115 fida
359 2057 513 2126 Romanis,
533 2078 630 2136 eoque
653 2059 723 2117 solis
744 2059 966 2116 Germanorum
984 2053 1049 2115 'non
1070 2058 1102 2115 in

147 2151 213 2231 ripa
236 2154 458 2224 commercium,
477 2154 531 2213 sed
552 2156 672 2234 penitus
695 2169 784 2234 atque
806 2155 838 2212 in
860 2154 1102 2233 splendidissima

149 2246 256 2307 Raetiae
271 2247 439 2327 provinciae
460 2251 593 2312 colonia:
610 2252 723 2331 passim
738 2265 769 2310 et
778 2253 843 2310 sine
855 2251 978 2309 custode
989 2264 1101 2310 transe-

146 2356 215 2415 unt3
237 2357 277 2415 et,
288 2366 356 2404 cum
370 2346 475 2404 ceteris
489 2347 625 2424 gentibus
640 2367 721 2406 arma
731 2347 820 2404 modo
832 2360 987 2423 castraque
999 2359 1101 2404 nostra

146 2438 347 2511 ostendamus,
361 2441 408 2499 his
422 2441 528 2499 domos
541 2442 687 2521 villasque
700 2441 898 2521 patefecimus
915 2462 975 2499 non
992 2462 1100 2500 concu-

145 2533 338 2612 piscentibus.
379 2538 417 2593 In
430 2537 653 2596 Hermunduris
667 2539 753 2606 Albis
771 2538 872 2609 oritur,
887 2539 1000 2596 flumen
1016 2537 1099 2596 incli-

145 2640 207 2685 tum
222 2641 252 2686 et
265 2642 368 2687 notum
382 2631 469 2701 olim;
490 2652 569 2690 nunc
583 2645 696 2692 tantum
711 2634 839 2692 auditur.

185 2723 286 2782 XLII.
307 2724 403 2782 Juxta
417 2726 647 2786 Hermunduros
661 2729 692 2786 N
693 2729 790 2797 arisci,
806 2749 840 2787 ao
854 2727 965 2786 deinde
980 2728 1098 2785 Marco·

145 2820 245 2876 manni
257 2832 287 2878 et
295 2819 397 2890 Quadi
409 2834 509 2899 agunt.
541 2822 700 2901 Praecipua
710 2824 994 2882 Marcomannorum
1005 2823 1099 2900 gloria

144 2913 293 2992 viresque,
303 2927 392 2992 atque
403 2915 470 2993 ipsa
483 2916 572 2975 etiam
586 2917 681 2987 sedes,
694 2918 788 2996 pulsis
803 2919 873 2975 olim
885 2917 977 2985 Boiis,
988 2917 1098 2975 virtute

143 3023 237 3089 parta.
278 3011 346 3068 Nec
365 3010 484 3070 Narisci
505 3012 646 3082 Quadive
667 3013 857 3092 degenerant.
898 3013 1004 3088 anue
1022 3013 1097 3069 Ger·

144 3107 250 3165 maniae
260 3108 342 3165 velut
351 3106 432 3165 frons
443 3118 497 3179 est,
508 3120 653 3184 quatenus
662 3109 803 3167 Danubio
814 3109 975 3188 peragitur.
1015 3108 1097 3165 Mar·

144 3202 295 3260 comannis
312 3202 489 3282 Quadisque
505 3225 601 3281 usque
619 3204 655 3262 ad
673 3219 803 3263 nostram
817 3205 989 3262 memoriam
1007 3224 1096 3280 reges

143 3311 314 3358 manserunt
329 3319 369 3357 ex
386 3314 474 3377 gente
491 3300 633 3379 ipsorum,
647 3299 747 3359 nobile
762 3299 939 3359 Marobodui
954 3311 984 3357 et
999 3298 1096 3357 Tudri

144 3413 254 3470 genus3
277 3395 342 3473 jam
359 3408 390 3454 et
410 3409 552 3454 externos
570 3397 729 3476 patiuntur.
774 3395 837 3479 Sed
853 3396 896 3452 vis
918 3409 948 3452 et
963 3394 1097 3473 potentia

143 3489 265 3566 regibus
277 3510 315 3548 ex
327 3491 499 3550 auctoritate
509 3492 660 3550 Romana:
678 3511 746 3548 raro
758 3490 845 3548 armis
857 3490 973 3559 nostris,
986 3490 1097 3569 saepius

142 3584 271 3660 pecunia
279 3586 428 3663 juvantur.
450 3603 511 3632 w*
549 3610 554 3623 ¹
668 3594 671 3601 '

182 3683 301 3742 xant.
323 3685 391 3742 Noa
405 3684 504 3742 mnus
517 3652 709 3753 vaunnam
722 3683 1095 3761 Marsigni,G0thini‚Osi,

1 3829 14 3843 .,
63 3850 66 3854 Ι
143 3778 233 3840 Buri:
259 3792 344 3857 terga
364 3780 642 3837 Marcomannorum
662 3778 898 3855 Quadorumque
912 3778 1054 3838 cludunt:
1077 3801 1096 3838 a
